TradingDay,InstrumentID,ExchangeID,ExchangeInstID,LastPrice,PreSettlementPrice,PreClosePrice,PreOpenInterest,OpenPrice,HighestPrice,LowestPrice,Volume,Turnover,OpenInterest,ClosePrice,SettlementPrice,UpperLimitPrice,LowerLimitPrice,PreDelta,CurrDelta,UpdateTime,UpdateMillisec,BidPrice1,BidVolume1,AskPrice1,AskVolume1,BidPrice2,BidVolume2,AskPrice2,AskVolume2,BidPrice3,BidVolume3,AskPrice3,AskVolume3,BidPrice4,BidVolume4,AskPrice4,AskVolume4,BidPrice5,BidVolume5,AskPrice5,AskVolume5,AveragePrice,ActionDay
20180427,AP805,CZCE,AP805,8191.00000,8050.00000,8191.00000,3258.00000,0.00000,0.00000,0.00000,0,0.00000,3258.00000,0.00000,0.00000,8453.00000,7647.00000,0.00000,0.00000,19:30:18,0,0.00000,0,0.00000,0,0.00000,0,0.00000,0,0.00000,0,0.00000,0,0.00000,0,0.00000,0,0.00000,0,0.00000,0,0.00000,20180426
20180427,AP807,CZCE,AP807,8407.00000,8266.00000,8407.00000,11768.00000,0.00000,0.00000,0.00000,0,0.00000,11768.00000,0.00000,0.00000,8928.00000,7604.00000,0.00000,0.00000,19:30:18,0,0.00000,0,0.00000,0,0.00000,0,0.00000,0,0.00000,0,0.00000,0,0.00000,0,0.00000,0,0.00000,0,0.00000,0,0.00000,20180426
20180427,AP810,CZCE,AP810,7758.00000,7711.00000,7758.00000,191088.00000,0.00000,0.00000,0.00000,0,0.00000,191088.00000,0.00000,0.00000,8097.00000,7325.00000,0.00000,0.00000,19:30:18,0,0.00000,0,0.00000,0,0.00000,0,0.00000,0,0.00000,0,0.00000,0,0.00000,0,0.00000,0,0.00000,0,0.00000,0,0.00000,20180426
20180427,AP811,CZCE,AP811,8054.00000,7978.00000,8054.00000,12654.00000,0.00000,0.00000,0.00000,0,0.00000,12654.00000,0.00000,0.00000,8377.00000,7579.00000,0.00000,0.00000,19:30:18,0,0.00000,0,0.00000,0,0.00000,0,0.00000,0,0.00000,0,0.00000,0,0.00000,0,0.00000,0,0.00000,0,0.00000,0,0.00000,20180426
20180427,AP812,CZCE,AP812,8379.00000,8280.00000,8379.00000,5324.00000,0.00000,0.00000,0.00000,0,0.00000,5324.00000,0.00000,0.00000,8694.00000,7866.00000,0.00000,0.00000,19:30:18,0,0.00000,0,0.00000,0,0.00000,0,0.00000,0,0.00000,0,0.00000,0,0.00000,0,0.00000,0,0.00000,0,0.00000,0,0.00000,20180426
20180427,AP901,CZCE,AP901,8580.00000,8477.00000,8580.00000,118064.00000,0.00000,0.00000,0.00000,0,0.00000,118064.00000,0.00000,0.00000,8901.00000,8053.00000,0.00000,0.00000,19:30:18,0,0.00000,0,0.00000,0,0.00000,0,0.00000,0,0.00000,0,0.00000,0,0.00000,0,0.00000,0,0.00000,0,0.00000,0,0.00000,20180426
20180427,AP903,CZCE,AP903,8728.00000,8603.00000,8728.00000,18886.00000,0.00000,0.00000,0.00000,0,0.00000,18886.00000,0.00000,0.00000,9034.00000,8172.00000,0.00000,0.00000,19:30:18,0,0.00000,0,0.00000,0,0.00000,0,0.00000,0,0.00000,0,0.00000,0,0.00000,0,0.00000,0,0.00000,0,0.00000,0,0.00000,20180426
20180427,CY903,CZCE,CY903,22955.00000,22955.00000,22955.00000,0.00000,0.00000,0.00000,0.00000,0,0.00000,0.00000,0.00000,0.00000,24795.00000,21115.00000,0.00000,0.00000,19:30:18,0,0.00000,0,0.00000,0,0.00000,0,0.00000,0,0.00000,0,0.00000,0,0.00000,0,0.00000,0,0.00000,0,0.00000,0,0.00000,20180426
20180427,FG903,CZCE,FG903,1315.00000,1315.00000,1315.00000,4.00000,0.00000,0.00000,0.00000,0,0.00000,4.00000,0.00000,0.00000,1381.00000,1249.00000,0.00000,0.00000,19:30:18,0,0.00000,0,0.00000,0,0.00000,0,0.00000,0,0.00000,0,0.00000,0,0.00000,0,0.00000,0,0.00000,0,0.00000,0,0.00000,20180426
20180427,IH1806,CFFEX,IH1806,0.00000,2652.40000,2654.80000,6691.00000,0.00000,0.00000,0.00000,0,0.00000,6691.00000,0.00000,0.00000,0.00000,0.00000,0.00000,0.00000,,0,0.00000,0,0.00000,0,0.00000,0,0.00000,0,0.00000,0,0.00000,0,0.00000,0,0.00000,0,0.00000,0,0.00000,0,0.00000,
20180427,CF805,CZCE,CF805,14855.00000,14835.00000,14855.00000,68322.00000,0.00000,0.00000,0.00000,0,0.00000,68322.00000,0.00000,0.00000,15580.00000,14090.00000,0.00000,0.00000,19:30:18,0,0.00000,0,0.00000,0,0.00000,0,0.00000,0,0.00000,0,0.00000,0,0.00000,0,0.00000,0,0.00000,0,0.00000,0,0.00000,20180426
20180427,FG805,CZCE,FG805,1405.00000,1399.00000,1405.00000,9988.00000,0.00000,0.00000,0.00000,0,0.00000,9988.00000,0.00000,0.00000,1469.00000,1329.00000,0.00000,0.00000,19:30:18,0,0.00000,0,0.00000,0,0.00000,0,0.00000,0,0.00000,0,0.00000,0,0.00000,0,0.00000,0,0.00000,0,0.00000,0,0.00000,20180426
20180427,CF807,CZCE,CF807,15035.00000,15025.00000,15035.00000,842.00000,0.00000,0.00000,0.00000,0,0.00000,842.00000,0.00000,0.00000,15780.00000,14270.00000,0.00000,0.00000,19:30:18,0,0.00000,0,0.00000,0,0.00000,0,0.00000,0,0.00000,0,0.00000,0,0.00000,0,0.00000,0,0.00000,0,0.00000,0,0.00000,20180426
20180427,FG807,CZCE,FG807,1380.00000,1380.00000,1380.00000,4.00000,0.00000,0.00000,0.00000,0,0.00000,4.00000,0.00000,0.00000,1449.00000,1311.00000,0.00000,0.00000,19:30:18,0,0.00000,0,0.00000,0,0.00000,0,0.00000,0,0.00000,0,0.00000,0,0.00000,0,0.00000,0,0.00000,0,0.00000,0,0.00000,20180426
20180427,CF809,CZCE,CF809,15400.00000,15375.00000,15400.00000,285762.00000,0.00000,0.00000,0.00000,0,0.00000,285762.00000,0.00000,0.00000,16145.00000,14605.00000,0.00000,0.00000,19:30:18,0,0.00000,0,0.00000,0,0.00000,0,0.00000,0,0.00000,0,0.00000,0,0.00000,0,0.00000,0,0.00000,0,0.00000,0,0.00000,20180426
20180427,IF1812,CFFEX,IF1812,0.00000,3672.60000,3667.00000,247.00000,0.00000,0.00000,0.00000,0,0.00000,247.00000,0.00000,0.00000,0.00000,0.00000,0.00000,0.00000,,0,0.00000,0,0.00000,0,0.00000,0,0.00000,0,0.00000,0,0.00000,0,0.00000,0,0.00000,0,0.00000,0,0.00000,0,0.00000,
20180427,CF811,CZCE,CF811,15790.00000,15785.00000,15790.00000,24.00000,0.00000,0.00000,0.00000,0,0.00000,24.00000,0.00000,0.00000,16575.00000,14995.00000,0.00000,0.00000,19:30:18,0,0.00000,0,0.00000,0,0.00000,0,0.00000,0,0.00000,0,0.00000,0,0.00000,0,0.00000,0,0.00000,0,0.00000,0,0.00000,20180426
20180427,CF901,CZCE,CF901,16010.00000,15970.00000,16010.00000,136888.00000,0.00000,0.00000,0.00000,0,0.00000,136888.00000,0.00000,0.00000,16770.00000,15170.00000,0.00000,0.00000,19:30:18,0,0.00000,0,0.00000,0,0.00000,0,0.00000,0,0.00000,0,0.00000,0,0.00000,0,0.00000,0,0.00000,0,0.00000,0,0.00000,20180426
20180427,FG901,CZCE,FG901,1328.00000,1327.00000,1328.00000,16040.00000,0.00000,0.00000,0.00000,0,0.00000,16040.00000,0.00000,0.00000,1394.00000,1260.00000,0.00000,0.00000,19:30:18,0,0.00000,0,0.00000,0,0.00000,0,0.00000,0,0.00000,0,0.00000,0,0.00000,0,0.00000,0,0.00000,0,0.00000,0,0.00000,20180426
20180427,CF903,CZCE,CF903,16095.00000,16095.00000,16095.00000,26.00000,0.00000,0.00000,0.00000,0,0.00000,26.00000,0.00000,0.00000,16900.00000,15290.00000,0.00000,0.00000,19:30:18,0,0.00000,0,0.00000,0,0.00000,0,0.00000,0,0.00000,0,0.00000,0,0.00000,0,0.00000,0,0.00000,0,0.00000,0,0.00000,20180426
20180427,CY811,CZCE,CY811,24000.00000,24000.00000,24000.00000,0.00000,0.00000,0.00000,0.00000,0,0.00000,0.00000,0.00000,0.00000,24960.00000,23040.00000,0.00000,0.00000,19:30:18,0,0.00000,0,0.00000,0,0.00000,0,0.00000,0,0.00000,0,0.00000,0,0.00000,0,0.00000,0,0.00000,0,0.00000,0,0.00000,20180426
20180427,FG811,CZCE,FG811,1387.00000,1387.00000,1387.00000,22.00000,0.00000,0.00000,0.00000,0,0.00000,22.00000,0.00000,0.00000,1457.00000,1317.00000,0.00000,0.00000,19:30:18,0,0.00000,0,0.00000,0,0.00000,0,0.00000,0,0.00000,0,0.00000,0,0.00000,0,0.00000,0,0.00000,0,0.00000,0,0.00000,20180426
20180427,CY805,CZCE,CY805,24100.00000,24100.00000,24100.00000,4.00000,0.00000,0.00000,0.00000,0,0.00000,4.00000,0.00000,0.00000,25065.00000,23135.00000,0.00000,0.00000,19:30:18,0,0.00000,0,0.00000,0,0.00000,0,0.00000,0,0.00000,0,0.00000,0,0.00000,0,0.00000,0,0.00000,0,0.00000,0,0.00000,20180426
20180427,IC1812,CFFEX,IC1812,0.00000,5598.80000,5587.00000,243.00000,0.00000,0.00000,0.00000,0,0.00000,243.00000,0.00000,0.00000,0.00000,0.00000,0.00000,0.00000,,0,0.00000,0,0.00000,0,0.00000,0,0.00000,0,0.00000,0,0.00000,0,0.00000,0,0.00000,0,0.00000,0,0.00000,0,0.00000,
20180427,CY806,CZCE,CY806,25260.00000,25260.00000,25260.00000,0.00000,0.00000,0.00000,0.00000,0,0.00000,0.00000,0.00000,0.00000,26275.00000,24245.00000,0.00000,0.00000,19:30:18,0,0.00000,0,0.00000,0,0.00000,0,0.00000,0,0.00000,0,0.00000,0,0.00000,0,0.00000,0,0.00000,0,0.00000,0,0.00000,20180426
20180427,CY807,CZCE,CY807,23425.00000,23425.00000,23425.00000,4.00000,0.00000,0.00000,0.00000,0,0.00000,4.00000,0.00000,0.00000,24365.00000,22485.00000,0.00000,0.00000,19:30:18,0,0.00000,0,0.00000,0,0.00000,0,0.00000,0,0.00000,0,0.00000,0,0.00000,0,0.00000,0,0.00000,0,0.00000,0,0.00000,20180426
20180427,CY808,CZCE,CY808,23070.00000,23070.00000,23070.00000,2.00000,0.00000,0.00000,0.00000,0,0.00000,2.00000,0.00000,0.00000,23995.00000,22145.00000,0.00000,0.00000,19:30:18,0,0.00000,0,0.00000,0,0.00000,0,0.00000,0,0.00000,0,0.00000,0,0.00000,0,0.00000,0,0.00000,0,0.00000,0,0.00000,20180426
20180427,FG902,CZCE,FG902,1333.00000,1333.00000,1333.00000,2.00000,0.00000,0.00000,0.00000,0,0.00000,2.00000,0.00000,0.00000,1400.00000,1266.00000,0.00000,0.00000,19:30:18,0,0.00000,0,0.00000,0,0.00000,0,0.00000,0,0.00000,0,0.00000,0,0.00000,0,0.00000,0,0.00000,0,0.00000,0,0.00000,20180426
20180427,CY809,CZCE,CY809,23305.00000,23305.00000,23305.00000,6.00000,0.00000,0.00000,0.00000,0,0.00000,6.00000,0.00000,0.00000,24240.00000,22370.00000,0.00000,0.00000,19:30:18,0,0.00000,0,0.00000,0,0.00000,0,0.00000,0,0.00000,0,0.00000,0,0.00000,0,0.00000,0,0.00000,0,0.00000,0,0.00000,20180426
20180427,FG809,CZCE,FG809,1381.00000,1381.00000,1381.00000,222594.00000,0.00000,0.00000,0.00000,0,0.00000,222594.00000,0.00000,0.00000,1451.00000,1311.00000,0.00000,0.00000,19:30:18,0,0.00000,0,0.00000,0,0.00000,0,0.00000,0,0.00000,0,0.00000,0,0.00000,0,0.00000,0,0.00000,0,0.00000,0,0.00000,20180426
20180427,CY810,CZCE,CY810,23420.00000,23420.00000,23420.00000,4.00000,0.00000,0.00000,0.00000,0,0.00000,4.00000,0.00000,0.00000,24360.00000,22480.00000,0.00000,0.00000,19:30:18,0,0.00000,0,0.00000,0,0.00000,0,0.00000,0,0.00000,0,0.00000,0,0.00000,0,0.00000,0,0.00000,0,0.00000,0,0.00000,20180426
20180427,FG810,CZCE,FG810,1403.00000,1403.00000,1403.00000,40.00000,0.00000,0.00000,0.00000,0,0.00000,40.00000,0.00000,0.00000,1474.00000,1332.00000,0.00000,0.00000,19:30:18,0,0.00000,0,0.00000,0,0.00000,0,0.00000,0,0.00000,0,0.00000,0,0.00000,0,0.00000,0,0.00000,0,0.00000,0,0.00000,20180426
20180427,CY812,CZCE,CY812,23965.00000,23965.00000,23965.00000,0.00000,0.00000,0.00000,0.00000,0,0.00000,0.00000,0.00000,0.00000,25645.00000,22285.00000,0.00000,0.00000,19:30:18,0,0.00000,0,0.00000,0,0.00000,0,0.00000,0,0.00000,0,0.00000,0,0.00000,0,0.00000,0,0.00000,0,0.00000,0,0.00000,20180426
20180427,FG812,CZCE,FG812,1384.00000,1382.00000,1384.00000,28.00000,0.00000,0.00000,0.00000,0,0.00000,28.00000,0.00000,0.00000,1452.00000,1312.00000,0.00000,0.00000,19:30:18,0,0.00000,0,0.00000,0,0.00000,0,0.00000,0,0.00000,0,0.00000,0,0.00000,0,0.00000,0,0.00000,0,0.00000,0,0.00000,20180426
20180427,CY901,CZCE,CY901,23990.00000,23990.00000,23990.00000,0.00000,0.00000,0.00000,0.00000,0,0.00000,0.00000,0.00000,0.00000,24950.00000,23030.00000,0.00000,0.00000,19:30:18,0,0.00000,0,0.00000,0,0.00000,0,0.00000,0,0.00000,0,0.00000,0,0.00000,0,0.00000,0,0.00000,0,0.00000,0,0.00000,20180426
20180427,FG808,CZCE,FG808,1387.00000,1390.00000,1387.00000,20.00000,0.00000,0.00000,0.00000,0,0.00000,20.00000,0.00000,0.00000,1460.00000,1320.00000,0.00000,0.00000,19:30:18,0,0.00000,0,0.00000,0,0.00000,0,0.00000,0,0.00000,0,0.00000,0,0.00000,0,0.00000,0,0.00000,0,0.00000,0,0.00000,20180426
20180427,CY902,CZCE,CY902,23605.00000,23605.00000,23605.00000,0.00000,0.00000,0.00000,0.00000,0,0.00000,0.00000,0.00000,0.00000,25495.00000,21715.00000,0.00000,0.00000,19:30:18,0,0.00000,0,0.00000,0,0.00000,0,0.00000,0,0.00000,0,0.00000,0,0.00000,0,0.00000,0,0.00000,0,0.00000,0,0.00000,20180426
20180427,CY904,CZCE,CY904,23630.00000,23630.00000,23630.00000,0.00000,0.00000,0.00000,0.00000,0,0.00000,0.00000,0.00000,0.00000,25525.00000,21735.00000,0.00000,0.00000,19:30:18,0,0.00000,0,0.00000,0,0.00000,0,0.00000,0,0.00000,0,0.00000,0,0.00000,0,0.00000,0,0.00000,0,0.00000,0,0.00000,20180426
20180427,FG806,CZCE,FG806,1452.00000,1431.00000,1452.00000,632.00000,0.00000,0.00000,0.00000,0,0.00000,632.00000,0.00000,0.00000,1503.00000,1359.00000,0.00000,0.00000,19:30:18,0,0.00000,0,0.00000,0,0.00000,0,0.00000,0,0.00000,0,0.00000,0,0.00000,0,0.00000,0,0.00000,0,0.00000,0,0.00000,20180426
20180427,IC1806,CFFEX,IC1806,0.00000,5781.60000,5769.80000,12267.00000,0.00000,0.00000,0.00000,0,0.00000,12267.00000,0.00000,0.00000,0.00000,0.00000,0.00000,0.00000,,0,0.00000,0,0.00000,0,0.00000,0,0.00000,0,0.00000,0,0.00000,0,0.00000,0,0.00000,0,0.00000,0,0.00000,0,0.00000,
20180427,IF1806,CFFEX,IF1806,0.00000,3722.60000,3720.00000,13854.00000,0.00000,0.00000,0.00000,0,0.00000,13854.00000,0.00000,0.00000,0.00000,0.00000,0.00000,0.00000,,0,0.00000,0,0.00000,0,0.00000,0,0.00000,0,0.00000,0,0.00000,0,0.00000,0,0.00000,0,0.00000,0,0.00000,0,0.00000,
20180427,FG904,CZCE,FG904,1300.00000,1300.00000,1300.00000,6.00000,0.00000,0.00000,0.00000,0,0.00000,6.00000,0.00000,0.00000,1365.00000,1235.00000,0.00000,0.00000,19:30:18,0,0.00000,0,0.00000,0,0.00000,0,0.00000,0,0.00000,0,0.00000,0,0.00000,0,0.00000,0,0.00000,0,0.00000,0,0.00000,20180426
20180427,IC1805,CFFEX,IC1805,0.00000,5824.40000,5806.40000,18748.00000,0.00000,0.00000,0.00000,0,0.00000,18748.00000,0.00000,0.00000,0.00000,0.00000,0.00000,0.00000,,0,0.00000,0,0.00000,0,0.00000,0,0.00000,0,0.00000,0,0.00000,0,0.00000,0,0.00000,0,0.00000,0,0.00000,0,0.00000,
20180427,IF1805,CFFEX,IF1805,0.00000,3736.60000,3735.40000,23741.00000,0.00000,0.00000,0.00000,0,0.00000,23741.00000,0.00000,0.00000,0.00000,0.00000,0.00000,0.00000,,0,0.00000,0,0.00000,0,0.00000,0,0.00000,0,0.00000,0,0.00000,0,0.00000,0,0.00000,0,0.00000,0,0.00000,0,0.00000,
20180427,IH1805,CFFEX,IH1805,0.00000,2662.20000,2666.60000,15916.00000,0.00000,0.00000,0.00000,0,0.00000,15916.00000,0.00000,0.00000,0.00000,0.00000,0.00000,0.00000,,0,0.00000,0,0.00000,0,0.00000,0,0.00000,0,0.00000,0,0.00000,0,0.00000,0,0.00000,0,0.00000,0,0.00000,0,0.00000,
20180427,IC1809,CFFEX,IC1809,0.00000,5670.80000,5664.60000,4788.00000,0.00000,0.00000,0.00000,0,0.00000,4788.00000,0.00000,0.00000,0.00000,0.00000,0.00000,0.00000,,0,0.00000,0,0.00000,0,0.00000,0,0.00000,0,0.00000,0,0.00000,0,0.00000,0,0.00000,0,0.00000,0,0.00000,0,0.00000,
20180427,IF1809,CFFEX,IF1809,0.00000,3689.20000,3681.80000,4235.00000,0.00000,0.00000,0.00000,0,0.00000,4235.00000,0.00000,0.00000,0.00000,0.00000,0.00000,0.00000,,0,0.00000,0,0.00000,0,0.00000,0,0.00000,0,0.00000,0,0.00000,0,0.00000,0,0.00000,0,0.00000,0,0.00000,0,0.00000,
20180427,IH1809,CFFEX,IH1809,0.00000,2628.80000,2630.00000,3079.00000,0.00000,0.00000,0.00000,0,0.00000,3079.00000,0.00000,0.00000,0.00000,0.00000,0.00000,0.00000,,0,0.00000,0,0.00000,0,0.00000,0,0.00000,0,0.00000,0,0.00000,0,0.00000,0,0.00000,0,0.00000,0,0.00000,0,0.00000,
20180427,IH1812,CFFEX,IH1812,0.00000,2628.20000,2627.00000,166.00000,0.00000,0.00000,0.00000,0,0.00000,166.00000,0.00000,0.00000,0.00000,0.00000,0.00000,0.00000,,0,0.00000,0,0.00000,0,0.00000,0,0.00000,0,0.00000,0,0.00000,0,0.00000,0,0.00000,0,0.00000,0,0.00000,0,0.00000,
20180427,JR805,CZCE,JR805,3465.00000,3465.00000,3465.00000,0.00000,0.00000,0.00000,0.00000,0,0.00000,0.00000,0.00000,0.00000,3604.00000,3326.00000,0.00000,0.00000,19:30:18,0,0.00000,0,0.00000,0,0.00000,0,0.00000,0,0.00000,0,0.00000,0,0.00000,0,0.00000,0,0.00000,0,0.00000,0,0.00000,20180426
20180427,JR807,CZCE,JR807,3153.00000,3163.00000,3153.00000,104.00000,0.00000,0.00000,0.00000,0,0.00000,104.00000,0.00000,0.00000,3290.00000,3036.00000,0.00000,0.00000,19:30:18,0,0.00000,0,0.00000,0,0.00000,0,0.00000,0,0.00000,0,0.00000,0,0.00000,0,0.00000,0,0.00000,0,0.00000,0,0.00000,20180426
20180427,JR809,CZCE,JR809,3340.00000,3340.00000,3340.00000,0.00000,0.00000,0.00000,0.00000,0,0.00000,0.00000,0.00000,0.00000,3474.00000,3206.00000,0.00000,0.00000,19:30:18,0,0.00000,0,0.00000,0,0.00000,0,0.00000,0,0.00000,0,0.00000,0,0.00000,0,0.00000,0,0.00000,0,0.00000,0,0.00000,20180426
20180427,JR811,CZCE,JR811,3382.00000,3382.00000,3382.00000,0.00000,0.00000,0.00000,0.00000,0,0.00000,0.00000,0.00000,0.00000,3653.00000,3111.00000,0.00000,0.00000,19:30:18,0,0.00000,0,0.00000,0,0.00000,0,0.00000,0,0.00000,0,0.00000,0,0.00000,0,0.00000,0,0.00000,0,0.00000,0,0.00000,20180426
20180427,JR901,CZCE,JR901,3382.00000,3382.00000,3382.00000,0.00000,0.00000,0.00000,0.00000,0,0.00000,0.00000,0.00000,0.00000,3653.00000,3111.00000,0.00000,0.00000,19:30:18,0,0.00000,0,0.00000,0,0.00000,0,0.00000,0,0.00000,0,0.00000,0,0.00000,0,0.00000,0,0.00000,0,0.00000,0,0.00000,20180426
20180427,JR903,CZCE,JR903,3382.00000,3382.00000,3382.00000,0.00000,0.00000,0.00000,0.00000,0,0.00000,0.00000,0.00000,0.00000,3653.00000,3111.00000,0.00000,0.00000,19:30:18,0,0.00000,0,0.00000,0,0.00000,0,0.00000,0,0.00000,0,0.00000,0,0.00000,0,0.00000,0,0.00000,0,0.00000,0,0.00000,20180426
20180427,LR805,CZCE,LR805,2983.00000,2983.00000,2983.00000,0.00000,0.00000,0.00000,0.00000,0,0.00000,0.00000,0.00000,0.00000,3103.00000,2863.00000,0.00000,0.00000,19:30:18,0,0.00000,0,0.00000,0,0.00000,0,0.00000,0,0.00000,0,0.00000,0,0.00000,0,0.00000,0,0.00000,0,0.00000,0,0.00000,20180426
20180427,LR807,CZCE,LR807,3229.00000,3229.00000,3229.00000,0.00000,0.00000,0.00000,0.00000,0,0.00000,0.00000,0.00000,0.00000,3488.00000,2970.00000,0.00000,0.00000,19:30:18,0,0.00000,0,0.00000,0,0.00000,0,0.00000,0,0.00000,0,0.00000,0,0.00000,0,0.00000,0,0.00000,0,0.00000,0,0.00000,20180426
20180427,LR809,CZCE,LR809,3229.00000,3229.00000,3229.00000,0.00000,0.00000,0.00000,0.00000,0,0.00000,0.00000,0.00000,0.00000,3359.00000,3099.00000,0.00000,0.00000,19:30:18,0,0.00000,0,0.00000,0,0.00000,0,0.00000,0,0.00000,0,0.00000,0,0.00000,0,0.00000,0,0.00000,0,0.00000,0,0.00000,20180426
20180427,LR811,CZCE,LR811,3229.00000,3229.00000,3229.00000,0.00000,0.00000,0.00000,0.00000,0,0.00000,0.00000,0.00000,0.00000,3488.00000,2970.00000,0.00000,0.00000,19:30:18,0,0.00000,0,0.00000,0,0.00000,0,0.00000,0,0.00000,0,0.00000,0,0.00000,0,0.00000,0,0.00000,0,0.00000,0,0.00000,20180426
20180427,LR901,CZCE,LR901,3229.00000,3229.00000,3229.00000,0.00000,0.00000,0.00000,0.00000,0,0.00000,0.00000,0.00000,0.00000,3488.00000,2970.00000,0.00000,0.00000,19:30:18,0,0.00000,0,0.00000,0,0.00000,0,0.00000,0,0.00000,0,0.00000,0,0.00000,0,0.00000,0,0.00000,0,0.00000,0,0.00000,20180426
20180427,LR903,CZCE,LR903,3229.00000,3229.00000,3229.00000,0.00000,0.00000,0.00000,0.00000,0,0.00000,0.00000,0.00000,0.00000,3488.00000,2970.00000,0.00000,0.00000,19:30:18,0,0.00000,0,0.00000,0,0.00000,0,0.00000,0,0.00000,0,0.00000,0,0.00000,0,0.00000,0,0.00000,0,0.00000,0,0.00000,20180426
20180427,MA805,CZCE,MA805,2921.00000,2902.00000,2921.00000,14736.00000,0.00000,0.00000,0.00000,0,0.00000,14736.00000,0.00000,0.00000,3048.00000,2756.00000,0.00000,0.00000,19:30:18,0,0.00000,0,0.00000,0,0.00000,0,0.00000,0,0.00000,0,0.00000,0,0.00000,0,0.00000,0,0.00000,0,0.00000,0,0.00000,20180426
20180427,MA806,CZCE,MA806,2801.00000,2790.00000,2801.00000,2.00000,0.00000,0.00000,0.00000,0,0.00000,2.00000,0.00000,0.00000,2930.00000,2650.00000,0.00000,0.00000,19:30:18,0,0.00000,0,0.00000,0,0.00000,0,0.00000,0,0.00000,0,0.00000,0,0.00000,0,0.00000,0,0.00000,0,0.00000,0,0.00000,20180426
20180427,MA807,CZCE,MA807,2698.00000,2684.00000,2698.00000,42.00000,0.00000,0.00000,0.00000,0,0.00000,42.00000,0.00000,0.00000,2819.00000,2549.00000,0.00000,0.00000,19:30:18,0,0.00000,0,0.00000,0,0.00000,0,0.00000,0,0.00000,0,0.00000,0,0.00000,0,0.00000,0,0.00000,0,0.00000,0,0.00000,20180426
20180427,MA808,CZCE,MA808,2680.00000,2680.00000,2680.00000,2.00000,0.00000,0.00000,0.00000,0,0.00000,2.00000,0.00000,0.00000,2814.00000,2546.00000,0.00000,0.00000,19:30:18,0,0.00000,0,0.00000,0,0.00000,0,0.00000,0,0.00000,0,0.00000,0,0.00000,0,0.00000,0,0.00000,0,0.00000,0,0.00000,20180426
20180427,MA809,CZCE,MA809,2663.00000,2674.00000,2663.00000,674674.00000,0.00000,0.00000,0.00000,0,0.00000,674674.00000,0.00000,0.00000,2808.00000,2540.00000,0.00000,0.00000,19:30:18,0,0.00000,0,0.00000,0,0.00000,0,0.00000,0,0.00000,0,0.00000,0,0.00000,0,0.00000,0,0.00000,0,0.00000,0,0.00000,20180426
20180427,MA810,CZCE,MA810,2676.00000,2683.00000,2676.00000,0.00000,0.00000,0.00000,0.00000,0,0.00000,0.00000,0.00000,0.00000,2818.00000,2548.00000,0.00000,0.00000,19:30:18,0,0.00000,0,0.00000,0,0.00000,0,0.00000,0,0.00000,0,0.00000,0,0.00000,0,0.00000,0,0.00000,0,0.00000,0,0.00000,20180426
20180427,MA811,CZCE,MA811,2714.00000,2714.00000,2714.00000,4.00000,0.00000,0.00000,0.00000,0,0.00000,4.00000,0.00000,0.00000,2850.00000,2578.00000,0.00000,0.00000,19:30:18,0,0.00000,0,0.00000,0,0.00000,0,0.00000,0,0.00000,0,0.00000,0,0.00000,0,0.00000,0,0.00000,0,0.00000,0,0.00000,20180426
20180427,MA901,CZCE,MA901,2739.00000,2743.00000,2739.00000,55860.00000,0.00000,0.00000,0.00000,0,0.00000,55860.00000,0.00000,0.00000,2881.00000,2605.00000,0.00000,0.00000,19:30:18,0,0.00000,0,0.00000,0,0.00000,0,0.00000,0,0.00000,0,0.00000,0,0.00000,0,0.00000,0,0.00000,0,0.00000,0,0.00000,20180426
20180427,MA902,CZCE,MA902,2750.00000,2750.00000,2750.00000,4.00000,0.00000,0.00000,0.00000,0,0.00000,4.00000,0.00000,0.00000,2888.00000,2612.00000,0.00000,0.00000,19:30:18,0,0.00000,0,0.00000,0,0.00000,0,0.00000,0,0.00000,0,0.00000,0,0.00000,0,0.00000,0,0.00000,0,0.00000,0,0.00000,20180426
20180427,MA903,CZCE,MA903,2709.00000,2709.00000,2709.00000,2.00000,0.00000,0.00000,0.00000,0,0.00000,2.00000,0.00000,0.00000,2845.00000,2573.00000,0.00000,0.00000,19:30:18,0,0.00000,0,0.00000,0,0.00000,0,0.00000,0,0.00000,0,0.00000,0,0.00000,0,0.00000,0,0.00000,0,0.00000,0,0.00000,20180426
20180427,MA904,CZCE,MA904,2708.00000,2708.00000,2708.00000,0.00000,0.00000,0.00000,0.00000,0,0.00000,0.00000,0.00000,0.00000,2979.00000,2437.00000,0.00000,0.00000,19:30:18,0,0.00000,0,0.00000,0,0.00000,0,0.00000,0,0.00000,0,0.00000,0,0.00000,0,0.00000,0,0.00000,0,0.00000,0,0.00000,20180426
20180427,OI805,CZCE,OI805,6350.00000,6346.00000,6350.00000,18428.00000,0.00000,0.00000,0.00000,0,0.00000,18428.00000,0.00000,0.00000,6664.00000,6028.00000,0.00000,0.00000,19:30:18,0,0.00000,0,0.00000,0,0.00000,0,0.00000,0,0.00000,0,0.00000,0,0.00000,0,0.00000,0,0.00000,0,0.00000,0,0.00000,20180426
20180427,OI807,CZCE,OI807,6462.00000,6462.00000,6462.00000,4.00000,0.00000,0.00000,0.00000,0,0.00000,4.00000,0.00000,0.00000,6786.00000,6138.00000,0.00000,0.00000,19:30:18,0,0.00000,0,0.00000,0,0.00000,0,0.00000,0,0.00000,0,0.00000,0,0.00000,0,0.00000,0,0.00000,0,0.00000,0,0.00000,20180426
20180427,OI809,CZCE,OI809,6472.00000,6484.00000,6472.00000,292550.00000,0.00000,0.00000,0.00000,0,0.00000,292550.00000,0.00000,0.00000,6810.00000,6158.00000,0.00000,0.00000,19:30:18,0,0.00000,0,0.00000,0,0.00000,0,0.00000,0,0.00000,0,0.00000,0,0.00000,0,0.00000,0,0.00000,0,0.00000,0,0.00000,20180426
20180427,OI811,CZCE,OI811,6602.00000,6602.00000,6602.00000,8.00000,0.00000,0.00000,0.00000,0,0.00000,8.00000,0.00000,0.00000,6934.00000,6270.00000,0.00000,0.00000,19:30:18,0,0.00000,0,0.00000,0,0.00000,0,0.00000,0,0.00000,0,0.00000,0,0.00000,0,0.00000,0,0.00000,0,0.00000,0,0.00000,20180426
20180427,OI901,CZCE,OI901,6608.00000,6620.00000,6608.00000,108402.00000,0.00000,0.00000,0.00000,0,0.00000,108402.00000,0.00000,0.00000,6952.00000,6288.00000,0.00000,0.00000,19:30:18,0,0.00000,0,0.00000,0,0.00000,0,0.00000,0,0.00000,0,0.00000,0,0.00000,0,0.00000,0,0.00000,0,0.00000,0,0.00000,20180426
20180427,OI903,CZCE,OI903,6854.00000,6854.00000,6854.00000,36.00000,0.00000,0.00000,0.00000,0,0.00000,36.00000,0.00000,0.00000,7198.00000,6510.00000,0.00000,0.00000,19:30:18,0,0.00000,0,0.00000,0,0.00000,0,0.00000,0,0.00000,0,0.00000,0,0.00000,0,0.00000,0,0.00000,0,0.00000,0,0.00000,20180426
20180427,PM805,CZCE,PM805,2480.00000,2480.00000,2480.00000,6.00000,0.00000,0.00000,0.00000,0,0.00000,6.00000,0.00000,0.00000,2580.00000,2380.00000,0.00000,0.00000,19:30:18,0,0.00000,0,0.00000,0,0.00000,0,0.00000,0,0.00000,0,0.00000,0,0.00000,0,0.00000,0,0.00000,0,0.00000,0,0.00000,20180426
20180427,PM807,CZCE,PM807,2589.00000,2589.00000,2589.00000,0.00000,0.00000,0.00000,0.00000,0,0.00000,0.00000,0.00000,0.00000,2797.00000,2381.00000,0.00000,0.00000,19:30:18,0,0.00000,0,0.00000,0,0.00000,0,0.00000,0,0.00000,0,0.00000,0,0.00000,0,0.00000,0,0.00000,0,0.00000,0,0.00000,20180426
20180427,PM809,CZCE,PM809,2589.00000,2589.00000,2589.00000,0.00000,0.00000,0.00000,0.00000,0,0.00000,0.00000,0.00000,0.00000,2797.00000,2381.00000,0.00000,0.00000,19:30:18,0,0.00000,0,0.00000,0,0.00000,0,0.00000,0,0.00000,0,0.00000,0,0.00000,0,0.00000,0,0.00000,0,0.00000,0,0.00000,20180426
20180427,PM811,CZCE,PM811,2480.00000,2480.00000,2480.00000,0.00000,0.00000,0.00000,0.00000,0,0.00000,0.00000,0.00000,0.00000,2679.00000,2281.00000,0.00000,0.00000,19:30:18,0,0.00000,0,0.00000,0,0.00000,0,0.00000,0,0.00000,0,0.00000,0,0.00000,0,0.00000,0,0.00000,0,0.00000,0,0.00000,20180426
20180427,PM901,CZCE,PM901,2480.00000,2480.00000,2480.00000,0.00000,0.00000,0.00000,0.00000,0,0.00000,0.00000,0.00000,0.00000,2679.00000,2281.00000,0.00000,0.00000,19:30:18,0,0.00000,0,0.00000,0,0.00000,0,0.00000,0,0.00000,0,0.00000,0,0.00000,0,0.00000,0,0.00000,0,0.00000,0,0.00000,20180426
20180427,PM903,CZCE,PM903,2480.00000,2480.00000,2480.00000,0.00000,0.00000,0.00000,0.00000,0,0.00000,0.00000,0.00000,0.00000,2679.00000,2281.00000,0.00000,0.00000,19:30:18,0,0.00000,0,0.00000,0,0.00000,0,0.00000,0,0.00000,0,0.00000,0,0.00000,0,0.00000,0,0.00000,0,0.00000,0,0.00000,20180426
20180427,RI805,CZCE,RI805,2801.00000,2801.00000,2801.00000,0.00000,0.00000,0.00000,0.00000,0,0.00000,0.00000,0.00000,0.00000,3026.00000,2576.00000,0.00000,0.00000,19:30:18,0,0.00000,0,0.00000,0,0.00000,0,0.00000,0,0.00000,0,0.00000,0,0.00000,0,0.00000,0,0.00000,0,0.00000,0,0.00000,20180426
20180427,RI807,CZCE,RI807,2680.00000,2680.00000,2680.00000,2.00000,0.00000,0.00000,0.00000,0,0.00000,2.00000,0.00000,0.00000,2788.00000,2572.00000,0.00000,0.00000,19:30:18,0,0.00000,0,0.00000,0,0.00000,0,0.00000,0,0.00000,0,0.00000,0,0.00000,0,0.00000,0,0.00000,0,0.00000,0,0.00000,20180426
20180427,RI809,CZCE,RI809,2640.00000,2640.00000,2640.00000,0.00000,0.00000,0.00000,0.00000,0,0.00000,0.00000,0.00000,0.00000,2746.00000,2534.00000,0.00000,0.00000,19:30:18,0,0.00000,0,0.00000,0,0.00000,0,0.00000,0,0.00000,0,0.00000,0,0.00000,0,0.00000,0,0.00000,0,0.00000,0,0.00000,20180426
20180427,RI811,CZCE,RI811,2713.00000,2713.00000,2713.00000,4.00000,0.00000,0.00000,0.00000,0,0.00000,4.00000,0.00000,0.00000,2822.00000,2604.00000,0.00000,0.00000,19:30:18,0,0.00000,0,0.00000,0,0.00000,0,0.00000,0,0.00000,0,0.00000,0,0.00000,0,0.00000,0,0.00000,0,0.00000,0,0.00000,20180426
20180427,RI901,CZCE,RI901,2668.00000,2668.00000,2668.00000,0.00000,0.00000,0.00000,0.00000,0,0.00000,0.00000,0.00000,0.00000,2775.00000,2561.00000,0.00000,0.00000,19:30:18,0,0.00000,0,0.00000,0,0.00000,0,0.00000,0,0.00000,0,0.00000,0,0.00000,0,0.00000,0,0.00000,0,0.00000,0,0.00000,20180426
20180427,RI903,CZCE,RI903,2744.00000,2744.00000,2744.00000,0.00000,0.00000,0.00000,0.00000,0,0.00000,0.00000,0.00000,0.00000,2964.00000,2524.00000,0.00000,0.00000,19:30:18,0,0.00000,0,0.00000,0,0.00000,0,0.00000,0,0.00000,0,0.00000,0,0.00000,0,0.00000,0,0.00000,0,0.00000,0,0.00000,20180426
20180427,RM805,CZCE,RM805,2630.00000,2634.00000,2630.00000,12868.00000,0.00000,0.00000,0.00000,0,0.00000,12868.00000,0.00000,0.00000,2766.00000,2502.00000,0.00000,0.00000,19:30:18,0,0.00000,0,0.00000,0,0.00000,0,0.00000,0,0.00000,0,0.00000,0,0.00000,0,0.00000,0,0.00000,0,0.00000,0,0.00000,20180426
20180427,RM807,CZCE,RM807,2671.00000,2671.00000,2671.00000,2520.00000,0.00000,0.00000,0.00000,0,0.00000,2520.00000,0.00000,0.00000,2805.00000,2537.00000,0.00000,0.00000,19:30:18,0,0.00000,0,0.00000,0,0.00000,0,0.00000,0,0.00000,0,0.00000,0,0.00000,0,0.00000,0,0.00000,0,0.00000,0,0.00000,20180426
20180427,RM808,CZCE,RM808,2687.00000,2678.00000,2687.00000,26404.00000,0.00000,0.00000,0.00000,0,0.00000,26404.00000,0.00000,0.00000,2812.00000,2544.00000,0.00000,0.00000,19:30:18,0,0.00000,0,0.00000,0,0.00000,0,0.00000,0,0.00000,0,0.00000,0,0.00000,0,0.00000,0,0.00000,0,0.00000,0,0.00000,20180426
20180427,RM809,CZCE,RM809,2650.00000,2658.00000,2650.00000,689944.00000,0.00000,0.00000,0.00000,0,0.00000,689944.00000,0.00000,0.00000,2791.00000,2525.00000,0.00000,0.00000,19:30:18,0,0.00000,0,0.00000,0,0.00000,0,0.00000,0,0.00000,0,0.00000,0,0.00000,0,0.00000,0,0.00000,0,0.00000,0,0.00000,20180426
20180427,RM811,CZCE,RM811,2599.00000,2600.00000,2599.00000,72702.00000,0.00000,0.00000,0.00000,0,0.00000,72702.00000,0.00000,0.00000,2730.00000,2470.00000,0.00000,0.00000,19:30:18,0,0.00000,0,0.00000,0,0.00000,0,0.00000,0,0.00000,0,0.00000,0,0.00000,0,0.00000,0,0.00000,0,0.00000,0,0.00000,20180426
20180427,RM901,CZCE,RM901,2505.00000,2508.00000,2505.00000,133256.00000,0.00000,0.00000,0.00000,0,0.00000,133256.00000,0.00000,0.00000,2634.00000,2382.00000,0.00000,0.00000,19:30:18,0,0.00000,0,0.00000,0,0.00000,0,0.00000,0,0.00000,0,0.00000,0,0.00000,0,0.00000,0,0.00000,0,0.00000,0,0.00000,20180426
20180427,RM903,CZCE,RM903,2517.00000,2514.00000,2517.00000,28068.00000,0.00000,0.00000,0.00000,0,0.00000,28068.00000,0.00000,0.00000,2640.00000,2388.00000,0.00000,0.00000,19:30:18,0,0.00000,0,0.00000,0,0.00000,0,0.00000,0,0.00000,0,0.00000,0,0.00000,0,0.00000,0,0.00000,0,0.00000,0,0.00000,20180426
20180427,RS807,CZCE,RS807,5347.00000,5347.00000,5347.00000,0.00000,0.00000,0.00000,0.00000,0,0.00000,0.00000,0.00000,0.00000,5882.00000,4812.00000,0.00000,0.00000,19:30:18,0,0.00000,0,0.00000,0,0.00000,0,0.00000,0,0.00000,0,0.00000,0,0.00000,0,0.00000,0,0.00000,0,0.00000,0,0.00000,20180426
20180427,RS808,CZCE,RS808,5088.00000,5088.00000,5088.00000,0.00000,0.00000,0.00000,0.00000,0,0.00000,0.00000,0.00000,0.00000,6106.00000,4070.00000,0.00000,0.00000,19:30:18,0,0.00000,0,0.00000,0,0.00000,0,0.00000,0,0.00000,0,0.00000,0,0.00000,0,0.00000,0,0.00000,0,0.00000,0,0.00000,20180426
20180427,RS809,CZCE,RS809,5259.00000,5245.00000,5259.00000,12.00000,0.00000,0.00000,0.00000,0,0.00000,12.00000,0.00000,0.00000,5770.00000,4720.00000,0.00000,0.00000,19:30:18,0,0.00000,0,0.00000,0,0.00000,0,0.00000,0,0.00000,0,0.00000,0,0.00000,0,0.00000,0,0.00000,0,0.00000,0,0.00000,20180426
20180427,RS811,CZCE,RS811,4714.00000,4714.00000,4714.00000,0.00000,0.00000,0.00000,0.00000,0,0.00000,0.00000,0.00000,0.00000,5186.00000,4242.00000,0.00000,0.00000,19:30:18,0,0.00000,0,0.00000,0,0.00000,0,0.00000,0,0.00000,0,0.00000,0,0.00000,0,0.00000,0,0.00000,0,0.00000,0,0.00000,20180426
20180427,SF805,CZCE,SF805,6224.00000,6260.00000,6224.00000,18290.00000,0.00000,0.00000,0.00000,0,0.00000,18290.00000,0.00000,0.00000,6636.00000,5884.00000,0.00000,0.00000,19:30:18,0,0.00000,0,0.00000,0,0.00000,0,0.00000,0,0.00000,0,0.00000,0,0.00000,0,0.00000,0,0.00000,0,0.00000,0,0.00000,20180426
20180427,SF806,CZCE,SF806,6178.00000,6178.00000,6178.00000,120.00000,0.00000,0.00000,0.00000,0,0.00000,120.00000,0.00000,0.00000,6550.00000,5806.00000,0.00000,0.00000,19:30:18,0,0.00000,0,0.00000,0,0.00000,0,0.00000,0,0.00000,0,0.00000,0,0.00000,0,0.00000,0,0.00000,0,0.00000,0,0.00000,20180426
20180427,SF807,CZCE,SF807,6400.00000,6400.00000,6400.00000,6.00000,0.00000,0.00000,0.00000,0,0.00000,6.00000,0.00000,0.00000,6784.00000,6016.00000,0.00000,0.00000,19:30:18,0,0.00000,0,0.00000,0,0.00000,0,0.00000,0,0.00000,0,0.00000,0,0.00000,0,0.00000,0,0.00000,0,0.00000,0,0.00000,20180426
20180427,SF808,CZCE,SF808,6430.00000,6430.00000,6430.00000,4.00000,0.00000,0.00000,0.00000,0,0.00000,4.00000,0.00000,0.00000,6816.00000,6044.00000,0.00000,0.00000,19:30:18,0,0.00000,0,0.00000,0,0.00000,0,0.00000,0,0.00000,0,0.00000,0,0.00000,0,0.00000,0,0.00000,0,0.00000,0,0.00000,20180426
20180427,SF809,CZCE,SF809,6460.00000,6488.00000,6460.00000,182592.00000,0.00000,0.00000,0.00000,0,0.00000,182592.00000,0.00000,0.00000,6878.00000,6098.00000,0.00000,0.00000,19:30:18,0,0.00000,0,0.00000,0,0.00000,0,0.00000,0,0.00000,0,0.00000,0,0.00000,0,0.00000,0,0.00000,0,0.00000,0,0.00000,20180426
20180427,SF810,CZCE,SF810,6342.00000,6344.00000,6342.00000,28.00000,0.00000,0.00000,0.00000,0,0.00000,28.00000,0.00000,0.00000,6726.00000,5962.00000,0.00000,0.00000,19:30:18,0,0.00000,0,0.00000,0,0.00000,0,0.00000,0,0.00000,0,0.00000,0,0.00000,0,0.00000,0,0.00000,0,0.00000,0,0.00000,20180426
20180427,SF811,CZCE,SF811,6436.00000,6436.00000,6436.00000,0.00000,0.00000,0.00000,0.00000,0,0.00000,0.00000,0.00000,0.00000,6824.00000,6048.00000,0.00000,0.00000,19:30:18,0,0.00000,0,0.00000,0,0.00000,0,0.00000,0,0.00000,0,0.00000,0,0.00000,0,0.00000,0,0.00000,0,0.00000,0,0.00000,20180426
20180427,SF901,CZCE,SF901,6340.00000,6346.00000,6340.00000,1890.00000,0.00000,0.00000,0.00000,0,0.00000,1890.00000,0.00000,0.00000,6728.00000,5964.00000,0.00000,0.00000,19:30:18,0,0.00000,0,0.00000,0,0.00000,0,0.00000,0,0.00000,0,0.00000,0,0.00000,0,0.00000,0,0.00000,0,0.00000,0,0.00000,20180426
20180427,SF902,CZCE,SF902,6294.00000,6266.00000,6294.00000,28.00000,0.00000,0.00000,0.00000,0,0.00000,28.00000,0.00000,0.00000,6642.00000,5890.00000,0.00000,0.00000,19:30:18,0,0.00000,0,0.00000,0,0.00000,0,0.00000,0,0.00000,0,0.00000,0,0.00000,0,0.00000,0,0.00000,0,0.00000,0,0.00000,20180426
20180427,SF903,CZCE,SF903,6148.00000,6148.00000,6148.00000,4.00000,0.00000,0.00000,0.00000,0,0.00000,4.00000,0.00000,0.00000,6518.00000,5778.00000,0.00000,0.00000,19:30:18,0,0.00000,0,0.00000,0,0.00000,0,0.00000,0,0.00000,0,0.00000,0,0.00000,0,0.00000,0,0.00000,0,0.00000,0,0.00000,20180426
20180427,SF904,CZCE,SF904,6074.00000,6074.00000,6074.00000,0.00000,0.00000,0.00000,0.00000,0,0.00000,0.00000,0.00000,0.00000,6804.00000,5344.00000,0.00000,0.00000,19:30:18,0,0.00000,0,0.00000,0,0.00000,0,0.00000,0,0.00000,0,0.00000,0,0.00000,0,0.00000,0,0.00000,0,0.00000,0,0.00000,20180426
20180427,SM805,CZCE,SM805,7740.00000,7730.00000,7740.00000,10768.00000,0.00000,0.00000,0.00000,0,0.00000,10768.00000,0.00000,0.00000,8194.00000,7266.00000,0.00000,0.00000,19:30:18,0,0.00000,0,0.00000,0,0.00000,0,0.00000,0,0.00000,0,0.00000,0,0.00000,0,0.00000,0,0.00000,0,0.00000,0,0.00000,20180426
20180427,SM806,CZCE,SM806,8100.00000,8100.00000,8100.00000,0.00000,0.00000,0.00000,0.00000,0,0.00000,0.00000,0.00000,0.00000,8586.00000,7614.00000,0.00000,0.00000,19:30:18,0,0.00000,0,0.00000,0,0.00000,0,0.00000,0,0.00000,0,0.00000,0,0.00000,0,0.00000,0,0.00000,0,0.00000,0,0.00000,20180426
20180427,SM807,CZCE,SM807,7760.00000,7760.00000,7760.00000,2.00000,0.00000,0.00000,0.00000,0,0.00000,2.00000,0.00000,0.00000,8226.00000,7294.00000,0.00000,0.00000,19:30:18,0,0.00000,0,0.00000,0,0.00000,0,0.00000,0,0.00000,0,0.00000,0,0.00000,0,0.00000,0,0.00000,0,0.00000,0,0.00000,20180426
20180427,SM808,CZCE,SM808,7188.00000,7188.00000,7188.00000,2.00000,0.00000,0.00000,0.00000,0,0.00000,2.00000,0.00000,0.00000,7620.00000,6756.00000,0.00000,0.00000,19:30:18,0,0.00000,0,0.00000,0,0.00000,0,0.00000,0,0.00000,0,0.00000,0,0.00000,0,0.00000,0,0.00000,0,0.00000,0,0.00000,20180426
20180427,SM809,CZCE,SM809,7524.00000,7534.00000,7524.00000,88404.00000,0.00000,0.00000,0.00000,0,0.00000,88404.00000,0.00000,0.00000,7988.00000,7080.00000,0.00000,0.00000,19:30:18,0,0.00000,0,0.00000,0,0.00000,0,0.00000,0,0.00000,0,0.00000,0,0.00000,0,0.00000,0,0.00000,0,0.00000,0,0.00000,20180426
20180427,SM811,CZCE,SM811,8128.00000,8128.00000,8128.00000,0.00000,0.00000,0.00000,0.00000,0,0.00000,0.00000,0.00000,0.00000,8616.00000,7640.00000,0.00000,0.00000,19:30:18,0,0.00000,0,0.00000,0,0.00000,0,0.00000,0,0.00000,0,0.00000,0,0.00000,0,0.00000,0,0.00000,0,0.00000,0,0.00000,20180426
20180427,SM901,CZCE,SM901,7272.00000,7248.00000,7272.00000,650.00000,0.00000,0.00000,0.00000,0,0.00000,650.00000,0.00000,0.00000,7684.00000,6812.00000,0.00000,0.00000,19:30:18,0,0.00000,0,0.00000,0,0.00000,0,0.00000,0,0.00000,0,0.00000,0,0.00000,0,0.00000,0,0.00000,0,0.00000,0,0.00000,20180426
20180427,SM902,CZCE,SM902,7710.00000,7710.00000,7710.00000,0.00000,0.00000,0.00000,0.00000,0,0.00000,0.00000,0.00000,0.00000,8636.00000,6784.00000,0.00000,0.00000,19:30:18,0,0.00000,0,0.00000,0,0.00000,0,0.00000,0,0.00000,0,0.00000,0,0.00000,0,0.00000,0,0.00000,0,0.00000,0,0.00000,20180426
20180427,SM903,CZCE,SM903,7710.00000,7710.00000,7710.00000,0.00000,0.00000,0.00000,0.00000,0,0.00000,0.00000,0.00000,0.00000,8636.00000,6784.00000,0.00000,0.00000,19:30:18,0,0.00000,0,0.00000,0,0.00000,0,0.00000,0,0.00000,0,0.00000,0,0.00000,0,0.00000,0,0.00000,0,0.00000,0,0.00000,20180426
20180427,SM904,CZCE,SM904,7710.00000,7710.00000,7710.00000,0.00000,0.00000,0.00000,0.00000,0,0.00000,0.00000,0.00000,0.00000,8636.00000,6784.00000,0.00000,0.00000,19:30:18,0,0.00000,0,0.00000,0,0.00000,0,0.00000,0,0.00000,0,0.00000,0,0.00000,0,0.00000,0,0.00000,0,0.00000,0,0.00000,20180426
20180427,SR805,CZCE,SR805,5394.00000,5395.00000,5394.00000,54944.00000,0.00000,0.00000,0.00000,0,0.00000,54944.00000,0.00000,0.00000,5665.00000,5125.00000,0.00000,0.00000,19:30:18,0,0.00000,0,0.00000,0,0.00000,0,0.00000,0,0.00000,0,0.00000,0,0.00000,0,0.00000,0,0.00000,0,0.00000,0,0.00000,20180426
20180427,SR807,CZCE,SR807,5471.00000,5484.00000,5471.00000,700.00000,0.00000,0.00000,0.00000,0,0.00000,700.00000,0.00000,0.00000,5759.00000,5209.00000,0.00000,0.00000,19:30:18,0,0.00000,0,0.00000,0,0.00000,0,0.00000,0,0.00000,0,0.00000,0,0.00000,0,0.00000,0,0.00000,0,0.00000,0,0.00000,20180426
20180427,MA812,CZCE,MA812,2750.00000,2750.00000,2750.00000,2.00000,0.00000,0.00000,0.00000,0,0.00000,2.00000,0.00000,0.00000,2888.00000,2612.00000,0.00000,0.00000,19:30:18,0,0.00000,0,0.00000,0,0.00000,0,0.00000,0,0.00000,0,0.00000,0,0.00000,0,0.00000,0,0.00000,0,0.00000,0,0.00000,20180426
20180427,SF812,CZCE,SF812,6270.00000,6270.00000,6270.00000,0.00000,0.00000,0.00000,0.00000,0,0.00000,0.00000,0.00000,0.00000,7024.00000,5516.00000,0.00000,0.00000,19:30:18,0,0.00000,0,0.00000,0,0.00000,0,0.00000,0,0.00000,0,0.00000,0,0.00000,0,0.00000,0,0.00000,0,0.00000,0,0.00000,20180426
20180427,SM812,CZCE,SM812,8226.00000,8226.00000,8226.00000,0.00000,0.00000,0.00000,0.00000,0,0.00000,0.00000,0.00000,0.00000,8720.00000,7732.00000,0.00000,0.00000,19:30:18,0,0.00000,0,0.00000,0,0.00000,0,0.00000,0,0.00000,0,0.00000,0,0.00000,0,0.00000,0,0.00000,0,0.00000,0,0.00000,20180426
20180427,SM810,CZCE,SM810,7872.00000,7872.00000,7872.00000,0.00000,0.00000,0.00000,0.00000,0,0.00000,0.00000,0.00000,0.00000,8346.00000,7398.00000,0.00000,0.00000,19:30:18,0,0.00000,0,0.00000,0,0.00000,0,0.00000,0,0.00000,0,0.00000,0,0.00000,0,0.00000,0,0.00000,0,0.00000,0,0.00000,20180426
20180427,SR809,CZCE,SR809,5492.00000,5487.00000,5492.00000,578256.00000,0.00000,0.00000,0.00000,0,0.00000,578256.00000,0.00000,0.00000,5762.00000,5212.00000,0.00000,0.00000,19:30:18,0,0.00000,0,0.00000,0,0.00000,0,0.00000,0,0.00000,0,0.00000,0,0.00000,0,0.00000,0,0.00000,0,0.00000,0,0.00000,20180426
20180427,SR811,CZCE,SR811,5462.00000,5480.00000,5462.00000,346.00000,0.00000,0.00000,0.00000,0,0.00000,346.00000,0.00000,0.00000,5754.00000,5206.00000,0.00000,0.00000,19:30:18,0,0.00000,0,0.00000,0,0.00000,0,0.00000,0,0.00000,0,0.00000,0,0.00000,0,0.00000,0,0.00000,0,0.00000,0,0.00000,20180426
20180427,SR901,CZCE,SR901,5487.00000,5485.00000,5487.00000,72206.00000,0.00000,0.00000,0.00000,0,0.00000,72206.00000,0.00000,0.00000,5760.00000,5210.00000,0.00000,0.00000,19:30:18,0,0.00000,0,0.00000,0,0.00000,0,0.00000,0,0.00000,0,0.00000,0,0.00000,0,0.00000,0,0.00000,0,0.00000,0,0.00000,20180426
20180427,SR903,CZCE,SR903,5448.00000,5446.00000,5448.00000,54.00000,0.00000,0.00000,0.00000,0,0.00000,54.00000,0.00000,0.00000,5719.00000,5173.00000,0.00000,0.00000,19:30:18,0,0.00000,0,0.00000,0,0.00000,0,0.00000,0,0.00000,0,0.00000,0,0.00000,0,0.00000,0,0.00000,0,0.00000,0,0.00000,20180426
20180427,SR905,CZCE,SR905,5408.00000,5407.00000,5408.00000,10650.00000,0.00000,0.00000,0.00000,0,0.00000,10650.00000,0.00000,0.00000,5678.00000,5136.00000,0.00000,0.00000,19:30:18,0,0.00000,0,0.00000,0,0.00000,0,0.00000,0,0.00000,0,0.00000,0,0.00000,0,0.00000,0,0.00000,0,0.00000,0,0.00000,20180426
20180427,SR907,CZCE,SR907,5421.00000,5421.00000,5421.00000,40.00000,0.00000,0.00000,0.00000,0,0.00000,40.00000,0.00000,0.00000,5693.00000,5149.00000,0.00000,0.00000,19:30:18,0,0.00000,0,0.00000,0,0.00000,0,0.00000,0,0.00000,0,0.00000,0,0.00000,0,0.00000,0,0.00000,0,0.00000,0,0.00000,20180426
20180427,SR909,CZCE,SR909,5429.00000,5427.00000,5429.00000,498.00000,0.00000,0.00000,0.00000,0,0.00000,498.00000,0.00000,0.00000,5699.00000,5155.00000,0.00000,0.00000,19:30:18,0,0.00000,0,0.00000,0,0.00000,0,0.00000,0,0.00000,0,0.00000,0,0.00000,0,0.00000,0,0.00000,0,0.00000,0,0.00000,20180426
20180427,T1806,CFFEX,T1806,0.00000,94.60500,94.68500,41792.00000,0.00000,0.00000,0.00000,0,0.00000,41792.00000,0.00000,0.00000,0.00000,0.00000,0.00000,0.00000,,0,0.00000,0,0.00000,0,0.00000,0,0.00000,0,0.00000,0,0.00000,0,0.00000,0,0.00000,0,0.00000,0,0.00000,0,0.00000,
20180427,T1809,CFFEX,T1809,0.00000,94.54000,94.67000,3930.00000,0.00000,0.00000,0.00000,0,0.00000,3930.00000,0.00000,0.00000,0.00000,0.00000,0.00000,0.00000,,0,0.00000,0,0.00000,0,0.00000,0,0.00000,0,0.00000,0,0.00000,0,0.00000,0,0.00000,0,0.00000,0,0.00000,0,0.00000,
20180427,T1812,CFFEX,T1812,0.00000,94.57500,94.72000,53.00000,0.00000,0.00000,0.00000,0,0.00000,53.00000,0.00000,0.00000,0.00000,0.00000,0.00000,0.00000,,0,0.00000,0,0.00000,0,0.00000,0,0.00000,0,0.00000,0,0.00000,0,0.00000,0,0.00000,0,0.00000,0,0.00000,0,0.00000,
20180427,TA805,CZCE,TA805,5584.00000,5598.00000,5584.00000,219558.00000,0.00000,0.00000,0.00000,0,0.00000,219558.00000,0.00000,0.00000,5878.00000,5318.00000,0.00000,0.00000,19:30:18,0,0.00000,0,0.00000,0,0.00000,0,0.00000,0,0.00000,0,0.00000,0,0.00000,0,0.00000,0,0.00000,0,0.00000,0,0.00000,20180426
20180427,TA806,CZCE,TA806,5610.00000,5610.00000,5610.00000,24.00000,0.00000,0.00000,0.00000,0,0.00000,24.00000,0.00000,0.00000,5892.00000,5328.00000,0.00000,0.00000,19:30:18,0,0.00000,0,0.00000,0,0.00000,0,0.00000,0,0.00000,0,0.00000,0,0.00000,0,0.00000,0,0.00000,0,0.00000,0,0.00000,20180426
20180427,TA807,CZCE,TA807,5606.00000,5616.00000,5606.00000,326826.00000,0.00000,0.00000,0.00000,0,0.00000,326826.00000,0.00000,0.00000,5898.00000,5334.00000,0.00000,0.00000,19:30:18,0,0.00000,0,0.00000,0,0.00000,0,0.00000,0,0.00000,0,0.00000,0,0.00000,0,0.00000,0,0.00000,0,0.00000,0,0.00000,20180426
20180427,TA808,CZCE,TA808,5602.00000,5602.00000,5602.00000,4.00000,0.00000,0.00000,0.00000,0,0.00000,4.00000,0.00000,0.00000,5884.00000,5320.00000,0.00000,0.00000,19:30:18,0,0.00000,0,0.00000,0,0.00000,0,0.00000,0,0.00000,0,0.00000,0,0.00000,0,0.00000,0,0.00000,0,0.00000,0,0.00000,20180426
20180427,TA809,CZCE,TA809,5576.00000,5592.00000,5576.00000,1049544.00000,0.00000,0.00000,0.00000,0,0.00000,1049544.00000,0.00000,0.00000,5872.00000,5312.00000,0.00000,0.00000,19:30:18,0,0.00000,0,0.00000,0,0.00000,0,0.00000,0,0.00000,0,0.00000,0,0.00000,0,0.00000,0,0.00000,0,0.00000,0,0.00000,20180426
20180427,TA810,CZCE,TA810,5580.00000,5580.00000,5580.00000,4.00000,0.00000,0.00000,0.00000,0,0.00000,4.00000,0.00000,0.00000,5860.00000,5300.00000,0.00000,0.00000,19:30:18,0,0.00000,0,0.00000,0,0.00000,0,0.00000,0,0.00000,0,0.00000,0,0.00000,0,0.00000,0,0.00000,0,0.00000,0,0.00000,20180426
20180427,TA811,CZCE,TA811,5566.00000,5576.00000,5566.00000,10018.00000,0.00000,0.00000,0.00000,0,0.00000,10018.00000,0.00000,0.00000,5856.00000,5296.00000,0.00000,0.00000,19:30:18,0,0.00000,0,0.00000,0,0.00000,0,0.00000,0,0.00000,0,0.00000,0,0.00000,0,0.00000,0,0.00000,0,0.00000,0,0.00000,20180426
20180427,TA812,CZCE,TA812,5562.00000,5562.00000,5562.00000,24.00000,0.00000,0.00000,0.00000,0,0.00000,24.00000,0.00000,0.00000,5842.00000,5282.00000,0.00000,0.00000,19:30:18,0,0.00000,0,0.00000,0,0.00000,0,0.00000,0,0.00000,0,0.00000,0,0.00000,0,0.00000,0,0.00000,0,0.00000,0,0.00000,20180426
20180427,TA901,CZCE,TA901,5534.00000,5556.00000,5534.00000,30038.00000,0.00000,0.00000,0.00000,0,0.00000,30038.00000,0.00000,0.00000,5834.00000,5278.00000,0.00000,0.00000,19:30:18,0,0.00000,0,0.00000,0,0.00000,0,0.00000,0,0.00000,0,0.00000,0,0.00000,0,0.00000,0,0.00000,0,0.00000,0,0.00000,20180426
20180427,TA902,CZCE,TA902,5536.00000,5536.00000,5536.00000,4.00000,0.00000,0.00000,0.00000,0,0.00000,4.00000,0.00000,0.00000,5814.00000,5258.00000,0.00000,0.00000,19:30:18,0,0.00000,0,0.00000,0,0.00000,0,0.00000,0,0.00000,0,0.00000,0,0.00000,0,0.00000,0,0.00000,0,0.00000,0,0.00000,20180426
20180427,TA903,CZCE,TA903,5548.00000,5548.00000,5548.00000,6.00000,0.00000,0.00000,0.00000,0,0.00000,6.00000,0.00000,0.00000,5826.00000,5270.00000,0.00000,0.00000,19:30:18,0,0.00000,0,0.00000,0,0.00000,0,0.00000,0,0.00000,0,0.00000,0,0.00000,0,0.00000,0,0.00000,0,0.00000,0,0.00000,20180426
20180427,TA904,CZCE,TA904,5512.00000,5512.00000,5512.00000,0.00000,0.00000,0.00000,0.00000,0,0.00000,0.00000,0.00000,0.00000,6064.00000,4960.00000,0.00000,0.00000,19:30:18,0,0.00000,0,0.00000,0,0.00000,0,0.00000,0,0.00000,0,0.00000,0,0.00000,0,0.00000,0,0.00000,0,0.00000,0,0.00000,20180426
20180427,TF1806,CFFEX,TF1806,0.00000,97.88000,97.92000,19276.00000,0.00000,0.00000,0.00000,0,0.00000,19276.00000,0.00000,0.00000,0.00000,0.00000,0.00000,0.00000,,0,0.00000,0,0.00000,0,0.00000,0,0.00000,0,0.00000,0,0.00000,0,0.00000,0,0.00000,0,0.00000,0,0.00000,0,0.00000,
20180427,TF1809,CFFEX,TF1809,0.00000,97.77500,97.84500,1207.00000,0.00000,0.00000,0.00000,0,0.00000,1207.00000,0.00000,0.00000,0.00000,0.00000,0.00000,0.00000,,0,0.00000,0,0.00000,0,0.00000,0,0.00000,0,0.00000,0,0.00000,0,0.00000,0,0.00000,0,0.00000,0,0.00000,0,0.00000,
20180427,TF1812,CFFEX,TF1812,0.00000,97.93000,98.04500,25.00000,0.00000,0.00000,0.00000,0,0.00000,25.00000,0.00000,0.00000,0.00000,0.00000,0.00000,0.00000,,0,0.00000,0,0.00000,0,0.00000,0,0.00000,0,0.00000,0,0.00000,0,0.00000,0,0.00000,0,0.00000,0,0.00000,0,0.00000,
20180427,WH805,CZCE,WH805,2367.00000,2373.00000,2367.00000,762.00000,0.00000,0.00000,0.00000,0,0.00000,762.00000,0.00000,0.00000,2540.00000,2206.00000,0.00000,0.00000,19:30:18,0,0.00000,0,0.00000,0,0.00000,0,0.00000,0,0.00000,0,0.00000,0,0.00000,0,0.00000,0,0.00000,0,0.00000,0,0.00000,20180426
20180427,WH807,CZCE,WH807,2439.00000,2439.00000,2439.00000,2.00000,0.00000,0.00000,0.00000,0,0.00000,2.00000,0.00000,0.00000,2610.00000,2268.00000,0.00000,0.00000,19:30:18,0,0.00000,0,0.00000,0,0.00000,0,0.00000,0,0.00000,0,0.00000,0,0.00000,0,0.00000,0,0.00000,0,0.00000,0,0.00000,20180426
20180427,WH809,CZCE,WH809,2479.00000,2487.00000,2479.00000,2314.00000,0.00000,0.00000,0.00000,0,0.00000,2314.00000,0.00000,0.00000,2662.00000,2312.00000,0.00000,0.00000,19:30:18,0,0.00000,0,0.00000,0,0.00000,0,0.00000,0,0.00000,0,0.00000,0,0.00000,0,0.00000,0,0.00000,0,0.00000,0,0.00000,20180426
20180427,WH811,CZCE,WH811,2561.00000,2561.00000,2561.00000,0.00000,0.00000,0.00000,0.00000,0,0.00000,0.00000,0.00000,0.00000,2741.00000,2381.00000,0.00000,0.00000,19:30:18,0,0.00000,0,0.00000,0,0.00000,0,0.00000,0,0.00000,0,0.00000,0,0.00000,0,0.00000,0,0.00000,0,0.00000,0,0.00000,20180426
20180427,WH901,CZCE,WH901,2514.00000,2518.00000,2514.00000,206.00000,0.00000,0.00000,0.00000,0,0.00000,206.00000,0.00000,0.00000,2695.00000,2341.00000,0.00000,0.00000,19:30:18,0,0.00000,0,0.00000,0,0.00000,0,0.00000,0,0.00000,0,0.00000,0,0.00000,0,0.00000,0,0.00000,0,0.00000,0,0.00000,20180426
20180427,WH903,CZCE,WH903,2620.00000,2620.00000,2620.00000,0.00000,0.00000,0.00000,0.00000,0,0.00000,0.00000,0.00000,0.00000,2987.00000,2253.00000,0.00000,0.00000,19:30:18,0,0.00000,0,0.00000,0,0.00000,0,0.00000,0,0.00000,0,0.00000,0,0.00000,0,0.00000,0,0.00000,0,0.00000,0,0.00000,20180426
20180427,ZC805,CZCE,ZC805,614.40000,608.20000,614.40000,36382.00000,0.00000,0.00000,0.00000,0,0.00000,36382.00000,0.00000,0.00000,638.80000,577.60000,0.00000,0.00000,19:30:18,0,0.00000,0,0.00000,0,0.00000,0,0.00000,0,0.00000,0,0.00000,0,0.00000,0,0.00000,0,0.00000,0,0.00000,0,0.00000,20180426
20180427,ZC806,CZCE,ZC806,607.60000,607.60000,607.60000,2.00000,0.00000,0.00000,0.00000,0,0.00000,2.00000,0.00000,0.00000,638.00000,577.20000,0.00000,0.00000,19:30:18,0,0.00000,0,0.00000,0,0.00000,0,0.00000,0,0.00000,0,0.00000,0,0.00000,0,0.00000,0,0.00000,0,0.00000,0,0.00000,20180426
20180427,ZC807,CZCE,ZC807,592.40000,591.40000,592.40000,116000.00000,0.00000,0.00000,0.00000,0,0.00000,116000.00000,0.00000,0.00000,621.00000,561.80000,0.00000,0.00000,19:30:18,0,0.00000,0,0.00000,0,0.00000,0,0.00000,0,0.00000,0,0.00000,0,0.00000,0,0.00000,0,0.00000,0,0.00000,0,0.00000,20180426
20180427,ZC808,CZCE,ZC808,592.60000,592.60000,592.60000,70.00000,0.00000,0.00000,0.00000,0,0.00000,70.00000,0.00000,0.00000,622.40000,562.80000,0.00000,0.00000,19:30:18,0,0.00000,0,0.00000,0,0.00000,0,0.00000,0,0.00000,0,0.00000,0,0.00000,0,0.00000,0,0.00000,0,0.00000,0,0.00000,20180426
20180427,ZC809,CZCE,ZC809,593.80000,593.20000,593.80000,312030.00000,0.00000,0.00000,0.00000,0,0.00000,312030.00000,0.00000,0.00000,623.00000,563.40000,0.00000,0.00000,19:30:18,0,0.00000,0,0.00000,0,0.00000,0,0.00000,0,0.00000,0,0.00000,0,0.00000,0,0.00000,0,0.00000,0,0.00000,0,0.00000,20180426
20180427,ZC810,CZCE,ZC810,598.40000,598.40000,598.40000,2.00000,0.00000,0.00000,0.00000,0,0.00000,2.00000,0.00000,0.00000,628.40000,568.40000,0.00000,0.00000,19:30:18,0,0.00000,0,0.00000,0,0.00000,0,0.00000,0,0.00000,0,0.00000,0,0.00000,0,0.00000,0,0.00000,0,0.00000,0,0.00000,20180426
20180427,ZC811,CZCE,ZC811,599.00000,598.80000,599.00000,5220.00000,0.00000,0.00000,0.00000,0,0.00000,5220.00000,0.00000,0.00000,628.80000,568.80000,0.00000,0.00000,19:30:18,0,0.00000,0,0.00000,0,0.00000,0,0.00000,0,0.00000,0,0.00000,0,0.00000,0,0.00000,0,0.00000,0,0.00000,0,0.00000,20180426
20180427,ZC812,CZCE,ZC812,605.60000,605.60000,605.60000,4.00000,0.00000,0.00000,0.00000,0,0.00000,4.00000,0.00000,0.00000,636.00000,575.20000,0.00000,0.00000,19:30:18,0,0.00000,0,0.00000,0,0.00000,0,0.00000,0,0.00000,0,0.00000,0,0.00000,0,0.00000,0,0.00000,0,0.00000,0,0.00000,20180426
20180427,ZC901,CZCE,ZC901,601.20000,600.60000,601.20000,19384.00000,0.00000,0.00000,0.00000,0,0.00000,19384.00000,0.00000,0.00000,630.80000,570.40000,0.00000,0.00000,19:30:18,0,0.00000,0,0.00000,0,0.00000,0,0.00000,0,0.00000,0,0.00000,0,0.00000,0,0.00000,0,0.00000,0,0.00000,0,0.00000,20180426
20180427,ZC902,CZCE,ZC902,602.40000,602.40000,602.40000,0.00000,0.00000,0.00000,0.00000,0,0.00000,0.00000,0.00000,0.00000,632.60000,572.20000,0.00000,0.00000,19:30:18,0,0.00000,0,0.00000,0,0.00000,0,0.00000,0,0.00000,0,0.00000,0,0.00000,0,0.00000,0,0.00000,0,0.00000,0,0.00000,20180426
20180427,ZC903,CZCE,ZC903,588.20000,587.00000,588.20000,5242.00000,0.00000,0.00000,0.00000,0,0.00000,5242.00000,0.00000,0.00000,616.40000,557.60000,0.00000,0.00000,19:30:18,0,0.00000,0,0.00000,0,0.00000,0,0.00000,0,0.00000,0,0.00000,0,0.00000,0,0.00000,0,0.00000,0,0.00000,0,0.00000,20180426
20180427,ZC904,CZCE,ZC904,590.20000,590.20000,590.20000,0.00000,0.00000,0.00000,0.00000,0,0.00000,0.00000,0.00000,0.00000,649.40000,531.00000,0.00000,0.00000,19:30:18,0,0.00000,0,0.00000,0,0.00000,0,0.00000,0,0.00000,0,0.00000,0,0.00000,0,0.00000,0,0.00000,0,0.00000,0,0.00000,20180426
20180427,a1805,DCE,a1805,3700.00000,3715.00000,3700.00000,35500.00000,0.00000,0.00000,0.00000,0,0.00000,35500.00000,0.00000,0.00000,3937.00000,3493.00000,0.00000,0.00000,18:35:26,0,0.00000,0,0.00000,0,0.00000,0,0.00000,0,0.00000,0,0.00000,0,0.00000,0,0.00000,0,0.00000,0,0.00000,0,0.00000,20180427
20180427,a1807,DCE,a1807,3797.00000,3797.00000,3797.00000,396.00000,0.00000,0.00000,0.00000,0,0.00000,396.00000,0.00000,0.00000,4024.00000,3570.00000,0.00000,0.00000,18:35:26,0,0.00000,0,0.00000,0,0.00000,0,0.00000,0,0.00000,0,0.00000,0,0.00000,0,0.00000,0,0.00000,0,0.00000,0,0.00000,20180427
20180427,a1809,DCE,a1809,3819.00000,3839.00000,3819.00000,162604.00000,0.00000,0.00000,0.00000,0,0.00000,162604.00000,0.00000,0.00000,4069.00000,3609.00000,0.00000,0.00000,18:35:26,0,0.00000,0,0.00000,0,0.00000,0,0.00000,0,0.00000,0,0.00000,0,0.00000,0,0.00000,0,0.00000,0,0.00000,0,0.00000,20180427
20180427,a1811,DCE,a1811,3921.00000,3921.00000,3921.00000,0.00000,0.00000,0.00000,0.00000,0,0.00000,0.00000,0.00000,0.00000,4156.00000,3686.00000,0.00000,0.00000,18:35:26,0,0.00000,0,0.00000,0,0.00000,0,0.00000,0,0.00000,0,0.00000,0,0.00000,0,0.00000,0,0.00000,0,0.00000,0,0.00000,20180427
20180427,a1901,DCE,a1901,3905.00000,3917.00000,3905.00000,11032.00000,0.00000,0.00000,0.00000,0,0.00000,11032.00000,0.00000,0.00000,4152.00000,3682.00000,0.00000,0.00000,18:35:26,0,0.00000,0,0.00000,0,0.00000,0,0.00000,0,0.00000,0,0.00000,0,0.00000,0,0.00000,0,0.00000,0,0.00000,0,0.00000,20180427
20180427,a1903,DCE,a1903,3947.00000,3947.00000,3947.00000,2.00000,0.00000,0.00000,0.00000,0,0.00000,2.00000,0.00000,0.00000,4183.00000,3711.00000,0.00000,0.00000,18:35:26,0,0.00000,0,0.00000,0,0.00000,0,0.00000,0,0.00000,0,0.00000,0,0.00000,0,0.00000,0,0.00000,0,0.00000,0,0.00000,20180427
20180427,a1905,DCE,a1905,3938.00000,3959.00000,3938.00000,356.00000,0.00000,0.00000,0.00000,0,0.00000,356.00000,0.00000,0.00000,4196.00000,3722.00000,0.00000,0.00000,18:35:26,0,0.00000,0,0.00000,0,0.00000,0,0.00000,0,0.00000,0,0.00000,0,0.00000,0,0.00000,0,0.00000,0,0.00000,0,0.00000,20180427
20180427,a1907,DCE,a1907,3998.00000,3998.00000,3998.00000,6.00000,0.00000,0.00000,0.00000,0,0.00000,6.00000,0.00000,0.00000,4237.00000,3759.00000,0.00000,0.00000,18:35:26,0,0.00000,0,0.00000,0,0.00000,0,0.00000,0,0.00000,0,0.00000,0,0.00000,0,0.00000,0,0.00000,0,0.00000,0,0.00000,20180427
20180427,a1909,DCE,a1909,3983.00000,4005.00000,3983.00000,234.00000,0.00000,0.00000,0.00000,0,0.00000,234.00000,0.00000,0.00000,4245.00000,3765.00000,0.00000,0.00000,18:35:26,0,0.00000,0,0.00000,0,0.00000,0,0.00000,0,0.00000,0,0.00000,0,0.00000,0,0.00000,0,0.00000,0,0.00000,0,0.00000,20180427
20180427,ag1805,SHFE,ag1805,3639.00000,3639.00000,3639.00000,666.00000,0.00000,0.00000,0.00000,0,0.00000,666.00000,0.00000,0.00000,3820.00000,3457.00000,0.00000,0.00000,18:34:17,500,0.00000,0,0.00000,0,0.00000,0,0.00000,0,0.00000,0,0.00000,0,0.00000,0,0.00000,0,0.00000,0,0.00000,0,0.00000,20180426
20180427,ag1806,SHFE,ag1806,3670.00000,3670.00000,3670.00000,448044.00000,0.00000,0.00000,0.00000,0,0.00000,448044.00000,0.00000,0.00000,3853.00000,3486.00000,0.00000,0.00000,18:34:17,500,0.00000,0,0.00000,0,0.00000,0,0.00000,0,0.00000,0,0.00000,0,0.00000,0,0.00000,0,0.00000,0,0.00000,0,0.00000,20180426
20180427,ag1807,SHFE,ag1807,3682.00000,3680.00000,3682.00000,236.00000,0.00000,0.00000,0.00000,0,0.00000,236.00000,0.00000,0.00000,3864.00000,3496.00000,0.00000,0.00000,18:34:17,500,0.00000,0,0.00000,0,0.00000,0,0.00000,0,0.00000,0,0.00000,0,0.00000,0,0.00000,0,0.00000,0,0.00000,0,0.00000,20180426
20180427,ag1808,SHFE,ag1808,3773.00000,3773.00000,3773.00000,310.00000,0.00000,0.00000,0.00000,0,0.00000,310.00000,0.00000,0.00000,3961.00000,3584.00000,0.00000,0.00000,18:34:17,500,0.00000,0,0.00000,0,0.00000,0,0.00000,0,0.00000,0,0.00000,0,0.00000,0,0.00000,0,0.00000,0,0.00000,0,0.00000,20180426
20180427,ag1809,SHFE,ag1809,3735.00000,3699.00000,3735.00000,1062.00000,0.00000,0.00000,0.00000,0,0.00000,1062.00000,0.00000,0.00000,3883.00000,3514.00000,0.00000,0.00000,18:34:17,500,0.00000,0,0.00000,0,0.00000,0,0.00000,0,0.00000,0,0.00000,0,0.00000,0,0.00000,0,0.00000,0,0.00000,0,0.00000,20180426
20180427,ag1810,SHFE,ag1810,3753.00000,3753.00000,3753.00000,206.00000,0.00000,0.00000,0.00000,0,0.00000,206.00000,0.00000,0.00000,3940.00000,3565.00000,0.00000,0.00000,18:34:17,500,0.00000,0,0.00000,0,0.00000,0,0.00000,0,0.00000,0,0.00000,0,0.00000,0,0.00000,0,0.00000,0,0.00000,0,0.00000,20180426
20180427,ag1811,SHFE,ag1811,3770.00000,3770.00000,3770.00000,84.00000,0.00000,0.00000,0.00000,0,0.00000,84.00000,0.00000,0.00000,3958.00000,3581.00000,0.00000,0.00000,18:34:17,500,0.00000,0,0.00000,0,0.00000,0,0.00000,0,0.00000,0,0.00000,0,0.00000,0,0.00000,0,0.00000,0,0.00000,0,0.00000,20180426
20180427,ag1812,SHFE,ag1812,3771.00000,3771.00000,3771.00000,379646.00000,0.00000,0.00000,0.00000,0,0.00000,379646.00000,0.00000,0.00000,3959.00000,3582.00000,0.00000,0.00000,18:34:17,500,0.00000,0,0.00000,0,0.00000,0,0.00000,0,0.00000,0,0.00000,0,0.00000,0,0.00000,0,0.00000,0,0.00000,0,0.00000,20180426
20180427,ag1901,SHFE,ag1901,3791.00000,3797.00000,3791.00000,248.00000,0.00000,0.00000,0.00000,0,0.00000,248.00000,0.00000,0.00000,3986.00000,3607.00000,0.00000,0.00000,18:34:17,500,0.00000,0,0.00000,0,0.00000,0,0.00000,0,0.00000,0,0.00000,0,0.00000,0,0.00000,0,0.00000,0,0.00000,0,0.00000,20180426
20180427,ag1902,SHFE,ag1902,3822.00000,3822.00000,3822.00000,108.00000,0.00000,0.00000,0.00000,0,0.00000,108.00000,0.00000,0.00000,4013.00000,3630.00000,0.00000,0.00000,18:34:17,500,0.00000,0,0.00000,0,0.00000,0,0.00000,0,0.00000,0,0.00000,0,0.00000,0,0.00000,0,0.00000,0,0.00000,0,0.00000,20180426
20180427,ag1903,SHFE,ag1903,3859.00000,3859.00000,3859.00000,90.00000,0.00000,0.00000,0.00000,0,0.00000,90.00000,0.00000,0.00000,4051.00000,3666.00000,0.00000,0.00000,18:34:17,500,0.00000,0,0.00000,0,0.00000,0,0.00000,0,0.00000,0,0.00000,0,0.00000,0,0.00000,0,0.00000,0,0.00000,0,0.00000,20180426
20180427,ag1904,SHFE,ag1904,3849.00000,3850.00000,3849.00000,484.00000,0.00000,0.00000,0.00000,0,0.00000,484.00000,0.00000,0.00000,4042.00000,3657.00000,0.00000,0.00000,18:34:17,500,0.00000,0,0.00000,0,0.00000,0,0.00000,0,0.00000,0,0.00000,0,0.00000,0,0.00000,0,0.00000,0,0.00000,0,0.00000,20180426
20180427,al1805,SHFE,al1805,14280.00000,14315.00000,14280.00000,131370.00000,0.00000,0.00000,0.00000,0,0.00000,131370.00000,0.00000,0.00000,15030.00000,13595.00000,0.00000,0.00000,18:34:17,500,0.00000,0,0.00000,0,0.00000,0,0.00000,0,0.00000,0,0.00000,0,0.00000,0,0.00000,0,0.00000,0,0.00000,0,0.00000,20180426
20180427,al1806,SHFE,al1806,14365.00000,14410.00000,14365.00000,238258.00000,0.00000,0.00000,0.00000,0,0.00000,238258.00000,0.00000,0.00000,15130.00000,13685.00000,0.00000,0.00000,18:34:17,500,0.00000,0,0.00000,0,0.00000,0,0.00000,0,0.00000,0,0.00000,0,0.00000,0,0.00000,0,0.00000,0,0.00000,0,0.00000,20180426
20180427,al1807,SHFE,al1807,14450.00000,14480.00000,14450.00000,230374.00000,0.00000,0.00000,0.00000,0,0.00000,230374.00000,0.00000,0.00000,15200.00000,13755.00000,0.00000,0.00000,18:34:17,500,0.00000,0,0.00000,0,0.00000,0,0.00000,0,0.00000,0,0.00000,0,0.00000,0,0.00000,0,0.00000,0,0.00000,0,0.00000,20180426
20180427,al1808,SHFE,al1808,14520.00000,14555.00000,14520.00000,83762.00000,0.00000,0.00000,0.00000,0,0.00000,83762.00000,0.00000,0.00000,15280.00000,13825.00000,0.00000,0.00000,18:34:17,500,0.00000,0,0.00000,0,0.00000,0,0.00000,0,0.00000,0,0.00000,0,0.00000,0,0.00000,0,0.00000,0,0.00000,0,0.00000,20180426
20180427,al1809,SHFE,al1809,14605.00000,14625.00000,14605.00000,44954.00000,0.00000,0.00000,0.00000,0,0.00000,44954.00000,0.00000,0.00000,15355.00000,13890.00000,0.00000,0.00000,18:34:17,500,0.00000,0,0.00000,0,0.00000,0,0.00000,0,0.00000,0,0.00000,0,0.00000,0,0.00000,0,0.00000,0,0.00000,0,0.00000,20180426
20180427,al1810,SHFE,al1810,14695.00000,14715.00000,14695.00000,11054.00000,0.00000,0.00000,0.00000,0,0.00000,11054.00000,0.00000,0.00000,15450.00000,13975.00000,0.00000,0.00000,18:34:17,500,0.00000,0,0.00000,0,0.00000,0,0.00000,0,0.00000,0,0.00000,0,0.00000,0,0.00000,0,0.00000,0,0.00000,0,0.00000,20180426
20180427,al1811,SHFE,al1811,14775.00000,14775.00000,14775.00000,1474.00000,0.00000,0.00000,0.00000,0,0.00000,1474.00000,0.00000,0.00000,15510.00000,14035.00000,0.00000,0.00000,18:34:17,500,0.00000,0,0.00000,0,0.00000,0,0.00000,0,0.00000,0,0.00000,0,0.00000,0,0.00000,0,0.00000,0,0.00000,0,0.00000,20180426
20180427,al1812,SHFE,al1812,14855.00000,14865.00000,14855.00000,1452.00000,0.00000,0.00000,0.00000,0,0.00000,1452.00000,0.00000,0.00000,15605.00000,14120.00000,0.00000,0.00000,18:34:17,500,0.00000,0,0.00000,0,0.00000,0,0.00000,0,0.00000,0,0.00000,0,0.00000,0,0.00000,0,0.00000,0,0.00000,0,0.00000,20180426
20180427,al1901,SHFE,al1901,14945.00000,14930.00000,14945.00000,842.00000,0.00000,0.00000,0.00000,0,0.00000,842.00000,0.00000,0.00000,15675.00000,14180.00000,0.00000,0.00000,18:34:17,500,0.00000,0,0.00000,0,0.00000,0,0.00000,0,0.00000,0,0.00000,0,0.00000,0,0.00000,0,0.00000,0,0.00000,0,0.00000,20180426
20180427,al1902,SHFE,al1902,15025.00000,15015.00000,15025.00000,802.00000,0.00000,0.00000,0.00000,0,0.00000,802.00000,0.00000,0.00000,15765.00000,14260.00000,0.00000,0.00000,18:34:17,500,0.00000,0,0.00000,0,0.00000,0,0.00000,0,0.00000,0,0.00000,0,0.00000,0,0.00000,0,0.00000,0,0.00000,0,0.00000,20180426
20180427,al1903,SHFE,al1903,15040.00000,15070.00000,15040.00000,510.00000,0.00000,0.00000,0.00000,0,0.00000,510.00000,0.00000,0.00000,15820.00000,14315.00000,0.00000,0.00000,18:34:17,500,0.00000,0,0.00000,0,0.00000,0,0.00000,0,0.00000,0,0.00000,0,0.00000,0,0.00000,0,0.00000,0,0.00000,0,0.00000,20180426
20180427,al1904,SHFE,al1904,15140.00000,15130.00000,15140.00000,148.00000,0.00000,0.00000,0.00000,0,0.00000,148.00000,0.00000,0.00000,15885.00000,14370.00000,0.00000,0.00000,18:34:17,500,0.00000,0,0.00000,0,0.00000,0,0.00000,0,0.00000,0,0.00000,0,0.00000,0,0.00000,0,0.00000,0,0.00000,0,0.00000,20180426
20180427,au1805,SHFE,au1805,269.60000,267.50000,269.60000,14.00000,0.00000,0.00000,0.00000,0,0.00000,14.00000,0.00000,0.00000,278.20000,256.80000,0.00000,0.00000,18:34:17,500,0.00000,0,0.00000,0,0.00000,0,0.00000,0,0.00000,0,0.00000,0,0.00000,0,0.00000,0,0.00000,0,0.00000,0,0.00000,20180426
20180427,au1806,SHFE,au1806,271.90000,271.65000,271.90000,216630.00000,0.00000,0.00000,0.00000,0,0.00000,216630.00000,0.00000,0.00000,282.50000,260.75000,0.00000,0.00000,18:34:17,500,0.00000,0,0.00000,0,0.00000,0,0.00000,0,0.00000,0,0.00000,0,0.00000,0,0.00000,0,0.00000,0,0.00000,0,0.00000,20180426
20180427,au1807,SHFE,au1807,272.45000,272.45000,272.45000,4.00000,0.00000,0.00000,0.00000,0,0.00000,4.00000,0.00000,0.00000,283.30000,261.55000,0.00000,0.00000,18:34:17,500,0.00000,0,0.00000,0,0.00000,0,0.00000,0,0.00000,0,0.00000,0,0.00000,0,0.00000,0,0.00000,0,0.00000,0,0.00000,20180426
20180427,au1808,SHFE,au1808,273.35000,273.30000,273.35000,118.00000,0.00000,0.00000,0.00000,0,0.00000,118.00000,0.00000,0.00000,284.20000,262.35000,0.00000,0.00000,18:34:17,500,0.00000,0,0.00000,0,0.00000,0,0.00000,0,0.00000,0,0.00000,0,0.00000,0,0.00000,0,0.00000,0,0.00000,0,0.00000,20180426
20180427,au1810,SHFE,au1810,277.10000,277.10000,277.10000,26.00000,0.00000,0.00000,0.00000,0,0.00000,26.00000,0.00000,0.00000,288.15000,266.00000,0.00000,0.00000,18:34:17,500,0.00000,0,0.00000,0,0.00000,0,0.00000,0,0.00000,0,0.00000,0,0.00000,0,0.00000,0,0.00000,0,0.00000,0,0.00000,20180426
20180427,au1812,SHFE,au1812,275.95000,275.65000,275.95000,157432.00000,0.00000,0.00000,0.00000,0,0.00000,157432.00000,0.00000,0.00000,286.65000,264.60000,0.00000,0.00000,18:34:17,500,0.00000,0,0.00000,0,0.00000,0,0.00000,0,0.00000,0,0.00000,0,0.00000,0,0.00000,0,0.00000,0,0.00000,0,0.00000,20180426
20180427,au1902,SHFE,au1902,277.25000,277.40000,277.25000,18.00000,0.00000,0.00000,0.00000,0,0.00000,18.00000,0.00000,0.00000,288.45000,266.30000,0.00000,0.00000,18:34:17,500,0.00000,0,0.00000,0,0.00000,0,0.00000,0,0.00000,0,0.00000,0,0.00000,0,0.00000,0,0.00000,0,0.00000,0,0.00000,20180426
20180427,au1904,SHFE,au1904,279.30000,279.30000,279.30000,24.00000,0.00000,0.00000,0.00000,0,0.00000,24.00000,0.00000,0.00000,290.45000,268.10000,0.00000,0.00000,18:34:17,500,0.00000,0,0.00000,0,0.00000,0,0.00000,0,0.00000,0,0.00000,0,0.00000,0,0.00000,0,0.00000,0,0.00000,0,0.00000,20180426
20180427,b1805,DCE,b1805,3367.00000,3381.00000,3367.00000,3128.00000,0.00000,0.00000,0.00000,0,0.00000,3128.00000,0.00000,0.00000,3583.00000,3179.00000,0.00000,0.00000,18:35:26,0,0.00000,0,0.00000,0,0.00000,0,0.00000,0,0.00000,0,0.00000,0,0.00000,0,0.00000,0,0.00000,0,0.00000,0,0.00000,20180427
20180427,b1806,DCE,b1806,3397.00000,3397.00000,3397.00000,0.00000,0.00000,0.00000,0.00000,0,0.00000,0.00000,0.00000,0.00000,3600.00000,3194.00000,0.00000,0.00000,18:35:26,0,0.00000,0,0.00000,0,0.00000,0,0.00000,0,0.00000,0,0.00000,0,0.00000,0,0.00000,0,0.00000,0,0.00000,0,0.00000,20180427
20180427,b1807,DCE,b1807,3382.00000,3381.00000,3382.00000,8044.00000,0.00000,0.00000,0.00000,0,0.00000,8044.00000,0.00000,0.00000,3583.00000,3179.00000,0.00000,0.00000,18:35:26,0,0.00000,0,0.00000,0,0.00000,0,0.00000,0,0.00000,0,0.00000,0,0.00000,0,0.00000,0,0.00000,0,0.00000,0,0.00000,20180427
20180427,b1808,DCE,b1808,3254.00000,3254.00000,3254.00000,0.00000,0.00000,0.00000,0.00000,0,0.00000,0.00000,0.00000,0.00000,3449.00000,3059.00000,0.00000,0.00000,18:35:26,0,0.00000,0,0.00000,0,0.00000,0,0.00000,0,0.00000,0,0.00000,0,0.00000,0,0.00000,0,0.00000,0,0.00000,0,0.00000,20180427
20180427,b1809,DCE,b1809,3494.00000,3510.00000,3494.00000,71442.00000,0.00000,0.00000,0.00000,0,0.00000,71442.00000,0.00000,0.00000,3720.00000,3300.00000,0.00000,0.00000,18:35:26,0,0.00000,0,0.00000,0,0.00000,0,0.00000,0,0.00000,0,0.00000,0,0.00000,0,0.00000,0,0.00000,0,0.00000,0,0.00000,20180427
20180427,b1810,DCE,b1810,3411.00000,3411.00000,3411.00000,0.00000,0.00000,0.00000,0.00000,0,0.00000,0.00000,0.00000,0.00000,3615.00000,3207.00000,0.00000,0.00000,18:35:26,0,0.00000,0,0.00000,0,0.00000,0,0.00000,0,0.00000,0,0.00000,0,0.00000,0,0.00000,0,0.00000,0,0.00000,0,0.00000,20180427
20180427,b1811,DCE,b1811,3525.00000,3525.00000,3525.00000,1794.00000,0.00000,0.00000,0.00000,0,0.00000,1794.00000,0.00000,0.00000,3736.00000,3314.00000,0.00000,0.00000,18:35:26,0,0.00000,0,0.00000,0,0.00000,0,0.00000,0,0.00000,0,0.00000,0,0.00000,0,0.00000,0,0.00000,0,0.00000,0,0.00000,20180427
20180427,b1812,DCE,b1812,3460.00000,3460.00000,3460.00000,0.00000,0.00000,0.00000,0.00000,0,0.00000,0.00000,0.00000,0.00000,3667.00000,3253.00000,0.00000,0.00000,18:35:26,0,0.00000,0,0.00000,0,0.00000,0,0.00000,0,0.00000,0,0.00000,0,0.00000,0,0.00000,0,0.00000,0,0.00000,0,0.00000,20180427
20180427,b1901,DCE,b1901,3593.00000,3606.00000,3593.00000,40752.00000,0.00000,0.00000,0.00000,0,0.00000,40752.00000,0.00000,0.00000,3822.00000,3390.00000,0.00000,0.00000,18:35:26,0,0.00000,0,0.00000,0,0.00000,0,0.00000,0,0.00000,0,0.00000,0,0.00000,0,0.00000,0,0.00000,0,0.00000,0,0.00000,20180427
20180427,b1902,DCE,b1902,3450.00000,3450.00000,3450.00000,0.00000,0.00000,0.00000,0.00000,0,0.00000,0.00000,0.00000,0.00000,3726.00000,3174.00000,0.00000,0.00000,18:35:26,0,0.00000,0,0.00000,0,0.00000,0,0.00000,0,0.00000,0,0.00000,0,0.00000,0,0.00000,0,0.00000,0,0.00000,0,0.00000,20180427
20180427,b1903,DCE,b1903,3534.00000,3534.00000,3534.00000,2.00000,0.00000,0.00000,0.00000,0,0.00000,2.00000,0.00000,0.00000,3746.00000,3322.00000,0.00000,0.00000,18:35:26,0,0.00000,0,0.00000,0,0.00000,0,0.00000,0,0.00000,0,0.00000,0,0.00000,0,0.00000,0,0.00000,0,0.00000,0,0.00000,20180427
20180427,b1904,DCE,b1904,3481.00000,3481.00000,3481.00000,0.00000,0.00000,0.00000,0.00000,0,0.00000,0.00000,0.00000,0.00000,3759.00000,3203.00000,0.00000,0.00000,18:35:26,0,0.00000,0,0.00000,0,0.00000,0,0.00000,0,0.00000,0,0.00000,0,0.00000,0,0.00000,0,0.00000,0,0.00000,0,0.00000,20180427
20180427,bb1805,DCE,bb1805,147.35000,147.35000,147.35000,4.00000,0.00000,0.00000,0.00000,0,0.00000,4.00000,0.00000,0.00000,154.70000,140.00000,0.00000,0.00000,18:35:26,0,0.00000,0,0.00000,0,0.00000,0,0.00000,0,0.00000,0,0.00000,0,0.00000,0,0.00000,0,0.00000,0,0.00000,0,0.00000,20180427
20180427,bb1806,DCE,bb1806,131.30000,131.30000,131.30000,0.00000,0.00000,0.00000,0.00000,0,0.00000,0.00000,0.00000,0.00000,137.85000,124.75000,0.00000,0.00000,18:35:26,0,0.00000,0,0.00000,0,0.00000,0,0.00000,0,0.00000,0,0.00000,0,0.00000,0,0.00000,0,0.00000,0,0.00000,0,0.00000,20180427
20180427,bb1807,DCE,bb1807,120.50000,120.50000,120.50000,0.00000,0.00000,0.00000,0.00000,0,0.00000,0.00000,0.00000,0.00000,130.10000,110.90000,0.00000,0.00000,18:35:26,0,0.00000,0,0.00000,0,0.00000,0,0.00000,0,0.00000,0,0.00000,0,0.00000,0,0.00000,0,0.00000,0,0.00000,0,0.00000,20180427
20180427,bb1808,DCE,bb1808,120.50000,120.50000,120.50000,0.00000,0.00000,0.00000,0.00000,0,0.00000,0.00000,0.00000,0.00000,130.10000,110.90000,0.00000,0.00000,18:35:26,0,0.00000,0,0.00000,0,0.00000,0,0.00000,0,0.00000,0,0.00000,0,0.00000,0,0.00000,0,0.00000,0,0.00000,0,0.00000,20180427
20180427,bb1809,DCE,bb1809,137.65000,137.65000,137.65000,2.00000,0.00000,0.00000,0.00000,0,0.00000,2.00000,0.00000,0.00000,144.50000,130.80000,0.00000,0.00000,18:35:26,0,0.00000,0,0.00000,0,0.00000,0,0.00000,0,0.00000,0,0.00000,0,0.00000,0,0.00000,0,0.00000,0,0.00000,0,0.00000,20180427
20180427,bb1810,DCE,bb1810,134.05000,134.05000,134.05000,0.00000,0.00000,0.00000,0.00000,0,0.00000,0.00000,0.00000,0.00000,144.75000,123.35000,0.00000,0.00000,18:35:26,0,0.00000,0,0.00000,0,0.00000,0,0.00000,0,0.00000,0,0.00000,0,0.00000,0,0.00000,0,0.00000,0,0.00000,0,0.00000,20180427
20180427,bb1811,DCE,bb1811,128.75000,128.75000,128.75000,0.00000,0.00000,0.00000,0.00000,0,0.00000,0.00000,0.00000,0.00000,135.15000,122.35000,0.00000,0.00000,18:35:26,0,0.00000,0,0.00000,0,0.00000,0,0.00000,0,0.00000,0,0.00000,0,0.00000,0,0.00000,0,0.00000,0,0.00000,0,0.00000,20180427
20180427,bb1812,DCE,bb1812,135.75000,135.75000,135.75000,0.00000,0.00000,0.00000,0.00000,0,0.00000,0.00000,0.00000,0.00000,142.50000,129.00000,0.00000,0.00000,18:35:26,0,0.00000,0,0.00000,0,0.00000,0,0.00000,0,0.00000,0,0.00000,0,0.00000,0,0.00000,0,0.00000,0,0.00000,0,0.00000,20180427
20180427,bb1901,DCE,bb1901,133.45000,133.45000,133.45000,0.00000,0.00000,0.00000,0.00000,0,0.00000,0.00000,0.00000,0.00000,144.10000,122.80000,0.00000,0.00000,18:35:26,0,0.00000,0,0.00000,0,0.00000,0,0.00000,0,0.00000,0,0.00000,0,0.00000,0,0.00000,0,0.00000,0,0.00000,0,0.00000,20180427
20180427,bb1902,DCE,bb1902,134.65000,134.65000,134.65000,0.00000,0.00000,0.00000,0.00000,0,0.00000,0.00000,0.00000,0.00000,145.40000,123.90000,0.00000,0.00000,18:35:26,0,0.00000,0,0.00000,0,0.00000,0,0.00000,0,0.00000,0,0.00000,0,0.00000,0,0.00000,0,0.00000,0,0.00000,0,0.00000,20180427
20180427,bb1903,DCE,bb1903,134.65000,134.65000,134.65000,0.00000,0.00000,0.00000,0.00000,0,0.00000,0.00000,0.00000,0.00000,145.40000,123.90000,0.00000,0.00000,18:35:26,0,0.00000,0,0.00000,0,0.00000,0,0.00000,0,0.00000,0,0.00000,0,0.00000,0,0.00000,0,0.00000,0,0.00000,0,0.00000,20180427
20180427,bb1904,DCE,bb1904,134.65000,134.65000,134.65000,0.00000,0.00000,0.00000,0.00000,0,0.00000,0.00000,0.00000,0.00000,145.40000,123.90000,0.00000,0.00000,18:35:26,0,0.00000,0,0.00000,0,0.00000,0,0.00000,0,0.00000,0,0.00000,0,0.00000,0,0.00000,0,0.00000,0,0.00000,0,0.00000,20180427
20180427,bu1805,SHFE,bu1805,2736.00000,2728.00000,2736.00000,300.00000,0.00000,0.00000,0.00000,0,0.00000,300.00000,0.00000,0.00000,2890.00000,2564.00000,0.00000,0.00000,18:34:17,500,0.00000,0,0.00000,0,0.00000,0,0.00000,0,0.00000,0,0.00000,0,0.00000,0,0.00000,0,0.00000,0,0.00000,0,0.00000,20180426
20180427,bu1806,SHFE,bu1806,2784.00000,2778.00000,2784.00000,228662.00000,0.00000,0.00000,0.00000,0,0.00000,228662.00000,0.00000,0.00000,2944.00000,2610.00000,0.00000,0.00000,18:34:17,500,0.00000,0,0.00000,0,0.00000,0,0.00000,0,0.00000,0,0.00000,0,0.00000,0,0.00000,0,0.00000,0,0.00000,0,0.00000,20180426
20180427,bu1807,SHFE,bu1807,2820.00000,2820.00000,2820.00000,6.00000,0.00000,0.00000,0.00000,0,0.00000,6.00000,0.00000,0.00000,2988.00000,2650.00000,0.00000,0.00000,18:34:17,500,0.00000,0,0.00000,0,0.00000,0,0.00000,0,0.00000,0,0.00000,0,0.00000,0,0.00000,0,0.00000,0,0.00000,0,0.00000,20180426
20180427,bu1808,SHFE,bu1808,2870.00000,2870.00000,2870.00000,6.00000,0.00000,0.00000,0.00000,0,0.00000,6.00000,0.00000,0.00000,3042.00000,2696.00000,0.00000,0.00000,18:34:17,500,0.00000,0,0.00000,0,0.00000,0,0.00000,0,0.00000,0,0.00000,0,0.00000,0,0.00000,0,0.00000,0,0.00000,0,0.00000,20180426
20180427,bu1809,SHFE,bu1809,2874.00000,2862.00000,2874.00000,12196.00000,0.00000,0.00000,0.00000,0,0.00000,12196.00000,0.00000,0.00000,3032.00000,2690.00000,0.00000,0.00000,18:34:17,500,0.00000,0,0.00000,0,0.00000,0,0.00000,0,0.00000,0,0.00000,0,0.00000,0,0.00000,0,0.00000,0,0.00000,0,0.00000,20180426
20180427,bu1810,SHFE,bu1810,2928.00000,2928.00000,2928.00000,12.00000,0.00000,0.00000,0.00000,0,0.00000,12.00000,0.00000,0.00000,3102.00000,2752.00000,0.00000,0.00000,18:34:17,500,0.00000,0,0.00000,0,0.00000,0,0.00000,0,0.00000,0,0.00000,0,0.00000,0,0.00000,0,0.00000,0,0.00000,0,0.00000,20180426
20180427,bu1812,SHFE,bu1812,2918.00000,2918.00000,2918.00000,183130.00000,0.00000,0.00000,0.00000,0,0.00000,183130.00000,0.00000,0.00000,3092.00000,2742.00000,0.00000,0.00000,18:34:17,500,0.00000,0,0.00000,0,0.00000,0,0.00000,0,0.00000,0,0.00000,0,0.00000,0,0.00000,0,0.00000,0,0.00000,0,0.00000,20180426
20180427,bu1903,SHFE,bu1903,3014.00000,3014.00000,3014.00000,8.00000,0.00000,0.00000,0.00000,0,0.00000,8.00000,0.00000,0.00000,3194.00000,2832.00000,0.00000,0.00000,18:34:17,500,0.00000,0,0.00000,0,0.00000,0,0.00000,0,0.00000,0,0.00000,0,0.00000,0,0.00000,0,0.00000,0,0.00000,0,0.00000,20180426
20180427,bu1906,SHFE,bu1906,2986.00000,2980.00000,2986.00000,3168.00000,0.00000,0.00000,0.00000,0,0.00000,3168.00000,0.00000,0.00000,3158.00000,2800.00000,0.00000,0.00000,18:34:17,500,0.00000,0,0.00000,0,0.00000,0,0.00000,0,0.00000,0,0.00000,0,0.00000,0,0.00000,0,0.00000,0,0.00000,0,0.00000,20180426
20180427,bu1909,SHFE,bu1909,3000.00000,2992.00000,3000.00000,318.00000,0.00000,0.00000,0.00000,0,0.00000,318.00000,0.00000,0.00000,3170.00000,2812.00000,0.00000,0.00000,18:34:17,500,0.00000,0,0.00000,0,0.00000,0,0.00000,0,0.00000,0,0.00000,0,0.00000,0,0.00000,0,0.00000,0,0.00000,0,0.00000,20180426
20180427,bu1912,SHFE,bu1912,3002.00000,3000.00000,3002.00000,5800.00000,0.00000,0.00000,0.00000,0,0.00000,5800.00000,0.00000,0.00000,3180.00000,2820.00000,0.00000,0.00000,18:34:17,500,0.00000,0,0.00000,0,0.00000,0,0.00000,0,0.00000,0,0.00000,0,0.00000,0,0.00000,0,0.00000,0,0.00000,0,0.00000,20180426
20180427,bu2003,SHFE,bu2003,3006.00000,3006.00000,3006.00000,4.00000,0.00000,0.00000,0.00000,0,0.00000,4.00000,0.00000,0.00000,3186.00000,2824.00000,0.00000,0.00000,18:34:17,500,0.00000,0,0.00000,0,0.00000,0,0.00000,0,0.00000,0,0.00000,0,0.00000,0,0.00000,0,0.00000,0,0.00000,0,0.00000,20180426
20180427,c1805,DCE,c1805,1743.00000,1747.00000,1743.00000,22176.00000,0.00000,0.00000,0.00000,0,0.00000,22176.00000,0.00000,0.00000,1851.00000,1643.00000,0.00000,0.00000,18:35:26,0,0.00000,0,0.00000,0,0.00000,0,0.00000,0,0.00000,0,0.00000,0,0.00000,0,0.00000,0,0.00000,0,0.00000,0,0.00000,20180427
20180427,c1807,DCE,c1807,1727.00000,1731.00000,1727.00000,460000.00000,0.00000,0.00000,0.00000,0,0.00000,460000.00000,0.00000,0.00000,1834.00000,1628.00000,0.00000,0.00000,18:35:26,0,0.00000,0,0.00000,0,0.00000,0,0.00000,0,0.00000,0,0.00000,0,0.00000,0,0.00000,0,0.00000,0,0.00000,0,0.00000,20180427
20180427,c1809,DCE,c1809,1727.00000,1729.00000,1727.00000,899162.00000,0.00000,0.00000,0.00000,0,0.00000,899162.00000,0.00000,0.00000,1832.00000,1626.00000,0.00000,0.00000,18:35:26,0,0.00000,0,0.00000,0,0.00000,0,0.00000,0,0.00000,0,0.00000,0,0.00000,0,0.00000,0,0.00000,0,0.00000,0,0.00000,20180427
20180427,c1811,DCE,c1811,1755.00000,1758.00000,1755.00000,992.00000,0.00000,0.00000,0.00000,0,0.00000,992.00000,0.00000,0.00000,1863.00000,1653.00000,0.00000,0.00000,18:35:26,0,0.00000,0,0.00000,0,0.00000,0,0.00000,0,0.00000,0,0.00000,0,0.00000,0,0.00000,0,0.00000,0,0.00000,0,0.00000,20180427
20180427,c1901,DCE,c1901,1768.00000,1767.00000,1768.00000,145456.00000,0.00000,0.00000,0.00000,0,0.00000,145456.00000,0.00000,0.00000,1873.00000,1661.00000,0.00000,0.00000,18:35:26,0,0.00000,0,0.00000,0,0.00000,0,0.00000,0,0.00000,0,0.00000,0,0.00000,0,0.00000,0,0.00000,0,0.00000,0,0.00000,20180427
20180427,c1903,DCE,c1903,1783.00000,1780.00000,1783.00000,1728.00000,0.00000,0.00000,0.00000,0,0.00000,1728.00000,0.00000,0.00000,1886.00000,1674.00000,0.00000,0.00000,18:35:26,0,0.00000,0,0.00000,0,0.00000,0,0.00000,0,0.00000,0,0.00000,0,0.00000,0,0.00000,0,0.00000,0,0.00000,0,0.00000,20180427
20180427,cs1805,DCE,cs1805,2155.00000,2148.00000,2155.00000,10018.00000,0.00000,0.00000,0.00000,0,0.00000,10018.00000,0.00000,0.00000,2276.00000,2020.00000,0.00000,0.00000,18:35:26,0,0.00000,0,0.00000,0,0.00000,0,0.00000,0,0.00000,0,0.00000,0,0.00000,0,0.00000,0,0.00000,0,0.00000,0,0.00000,20180427
20180427,cs1807,DCE,cs1807,2164.00000,2164.00000,2164.00000,82.00000,0.00000,0.00000,0.00000,0,0.00000,82.00000,0.00000,0.00000,2293.00000,2035.00000,0.00000,0.00000,18:35:26,0,0.00000,0,0.00000,0,0.00000,0,0.00000,0,0.00000,0,0.00000,0,0.00000,0,0.00000,0,0.00000,0,0.00000,0,0.00000,20180427
20180427,cs1809,DCE,cs1809,2121.00000,2119.00000,2121.00000,257996.00000,0.00000,0.00000,0.00000,0,0.00000,257996.00000,0.00000,0.00000,2246.00000,1992.00000,0.00000,0.00000,18:35:26,0,0.00000,0,0.00000,0,0.00000,0,0.00000,0,0.00000,0,0.00000,0,0.00000,0,0.00000,0,0.00000,0,0.00000,0,0.00000,20180427
20180427,cs1811,DCE,cs1811,2147.00000,2147.00000,2147.00000,12.00000,0.00000,0.00000,0.00000,0,0.00000,12.00000,0.00000,0.00000,2275.00000,2019.00000,0.00000,0.00000,18:35:26,0,0.00000,0,0.00000,0,0.00000,0,0.00000,0,0.00000,0,0.00000,0,0.00000,0,0.00000,0,0.00000,0,0.00000,0,0.00000,20180427
20180427,cs1901,DCE,cs1901,2124.00000,2122.00000,2124.00000,23196.00000,0.00000,0.00000,0.00000,0,0.00000,23196.00000,0.00000,0.00000,2249.00000,1995.00000,0.00000,0.00000,18:35:26,0,0.00000,0,0.00000,0,0.00000,0,0.00000,0,0.00000,0,0.00000,0,0.00000,0,0.00000,0,0.00000,0,0.00000,0,0.00000,20180427
20180427,cs1903,DCE,cs1903,2163.00000,2163.00000,2163.00000,4.00000,0.00000,0.00000,0.00000,0,0.00000,4.00000,0.00000,0.00000,2292.00000,2034.00000,0.00000,0.00000,18:35:26,0,0.00000,0,0.00000,0,0.00000,0,0.00000,0,0.00000,0,0.00000,0,0.00000,0,0.00000,0,0.00000,0,0.00000,0,0.00000,20180427
20180427,cu1805,SHFE,cu1805,51360.00000,51460.00000,51360.00000,136642.00000,0.00000,0.00000,0.00000,0,0.00000,136642.00000,0.00000,0.00000,54030.00000,48880.00000,0.00000,0.00000,18:34:17,500,0.00000,0,0.00000,0,0.00000,0,0.00000,0,0.00000,0,0.00000,0,0.00000,0,0.00000,0,0.00000,0,0.00000,0,0.00000,20180426
20180427,cu1806,SHFE,cu1806,51590.00000,51700.00000,51590.00000,202400.00000,0.00000,0.00000,0.00000,0,0.00000,202400.00000,0.00000,0.00000,54280.00000,49110.00000,0.00000,0.00000,18:34:17,500,0.00000,0,0.00000,0,0.00000,0,0.00000,0,0.00000,0,0.00000,0,0.00000,0,0.00000,0,0.00000,0,0.00000,0,0.00000,20180426
20180427,cu1807,SHFE,cu1807,51760.00000,51860.00000,51760.00000,158078.00000,0.00000,0.00000,0.00000,0,0.00000,158078.00000,0.00000,0.00000,54450.00000,49260.00000,0.00000,0.00000,18:34:17,500,0.00000,0,0.00000,0,0.00000,0,0.00000,0,0.00000,0,0.00000,0,0.00000,0,0.00000,0,0.00000,0,0.00000,0,0.00000,20180426
20180427,cu1808,SHFE,cu1808,51930.00000,52000.00000,51930.00000,73118.00000,0.00000,0.00000,0.00000,0,0.00000,73118.00000,0.00000,0.00000,54600.00000,49400.00000,0.00000,0.00000,18:34:17,500,0.00000,0,0.00000,0,0.00000,0,0.00000,0,0.00000,0,0.00000,0,0.00000,0,0.00000,0,0.00000,0,0.00000,0,0.00000,20180426
20180427,cu1812,SHFE,cu1812,52650.00000,52720.00000,52650.00000,28506.00000,0.00000,0.00000,0.00000,0,0.00000,28506.00000,0.00000,0.00000,55350.00000,50080.00000,0.00000,0.00000,18:34:17,500,0.00000,0,0.00000,0,0.00000,0,0.00000,0,0.00000,0,0.00000,0,0.00000,0,0.00000,0,0.00000,0,0.00000,0,0.00000,20180426
20180427,cu1809,SHFE,cu1809,52090.00000,52230.00000,52090.00000,40466.00000,0.00000,0.00000,0.00000,0,0.00000,40466.00000,0.00000,0.00000,54840.00000,49610.00000,0.00000,0.00000,18:34:17,500,0.00000,0,0.00000,0,0.00000,0,0.00000,0,0.00000,0,0.00000,0,0.00000,0,0.00000,0,0.00000,0,0.00000,0,0.00000,20180426
20180427,cu1810,SHFE,cu1810,52300.00000,52440.00000,52300.00000,30832.00000,0.00000,0.00000,0.00000,0,0.00000,30832.00000,0.00000,0.00000,55060.00000,49810.00000,0.00000,0.00000,18:34:17,500,0.00000,0,0.00000,0,0.00000,0,0.00000,0,0.00000,0,0.00000,0,0.00000,0,0.00000,0,0.00000,0,0.00000,0,0.00000,20180426
20180427,cu1811,SHFE,cu1811,52480.00000,52510.00000,52480.00000,26412.00000,0.00000,0.00000,0.00000,0,0.00000,26412.00000,0.00000,0.00000,55130.00000,49880.00000,0.00000,0.00000,18:34:17,500,0.00000,0,0.00000,0,0.00000,0,0.00000,0,0.00000,0,0.00000,0,0.00000,0,0.00000,0,0.00000,0,0.00000,0,0.00000,20180426
20180427,cu1901,SHFE,cu1901,52840.00000,53010.00000,52840.00000,31034.00000,0.00000,0.00000,0.00000,0,0.00000,31034.00000,0.00000,0.00000,55660.00000,50350.00000,0.00000,0.00000,18:34:17,500,0.00000,0,0.00000,0,0.00000,0,0.00000,0,0.00000,0,0.00000,0,0.00000,0,0.00000,0,0.00000,0,0.00000,0,0.00000,20180426
20180427,cu1902,SHFE,cu1902,53050.00000,53180.00000,53050.00000,27560.00000,0.00000,0.00000,0.00000,0,0.00000,27560.00000,0.00000,0.00000,55830.00000,50520.00000,0.00000,0.00000,18:34:17,500,0.00000,0,0.00000,0,0.00000,0,0.00000,0,0.00000,0,0.00000,0,0.00000,0,0.00000,0,0.00000,0,0.00000,0,0.00000,20180426
20180427,cu1903,SHFE,cu1903,53220.00000,53270.00000,53220.00000,15766.00000,0.00000,0.00000,0.00000,0,0.00000,15766.00000,0.00000,0.00000,55930.00000,50600.00000,0.00000,0.00000,18:34:17,500,0.00000,0,0.00000,0,0.00000,0,0.00000,0,0.00000,0,0.00000,0,0.00000,0,0.00000,0,0.00000,0,0.00000,0,0.00000,20180426
20180427,cu1904,SHFE,cu1904,53350.00000,53560.00000,53350.00000,4138.00000,0.00000,0.00000,0.00000,0,0.00000,4138.00000,0.00000,0.00000,56230.00000,50880.00000,0.00000,0.00000,18:34:17,500,0.00000,0,0.00000,0,0.00000,0,0.00000,0,0.00000,0,0.00000,0,0.00000,0,0.00000,0,0.00000,0,0.00000,0,0.00000,20180426
20180427,fb1805,DCE,fb1805,96.35000,96.35000,96.35000,0.00000,0.00000,0.00000,0.00000,0,0.00000,0.00000,0.00000,0.00000,101.15000,91.55000,0.00000,0.00000,18:35:26,0,0.00000,0,0.00000,0,0.00000,0,0.00000,0,0.00000,0,0.00000,0,0.00000,0,0.00000,0,0.00000,0,0.00000,0,0.00000,20180427
20180427,fb1806,DCE,fb1806,96.85000,96.85000,96.85000,0.00000,0.00000,0.00000,0.00000,0,0.00000,0.00000,0.00000,0.00000,104.55000,89.15000,0.00000,0.00000,18:35:26,0,0.00000,0,0.00000,0,0.00000,0,0.00000,0,0.00000,0,0.00000,0,0.00000,0,0.00000,0,0.00000,0,0.00000,0,0.00000,20180427
20180427,fb1807,DCE,fb1807,98.25000,98.25000,98.25000,0.00000,0.00000,0.00000,0.00000,0,0.00000,0.00000,0.00000,0.00000,106.10000,90.40000,0.00000,0.00000,18:35:26,0,0.00000,0,0.00000,0,0.00000,0,0.00000,0,0.00000,0,0.00000,0,0.00000,0,0.00000,0,0.00000,0,0.00000,0,0.00000,20180427
20180427,fb1808,DCE,fb1808,92.25000,92.25000,92.25000,6.00000,0.00000,0.00000,0.00000,0,0.00000,6.00000,0.00000,0.00000,96.85000,87.65000,0.00000,0.00000,18:35:26,0,0.00000,0,0.00000,0,0.00000,0,0.00000,0,0.00000,0,0.00000,0,0.00000,0,0.00000,0,0.00000,0,0.00000,0,0.00000,20180427
20180427,fb1809,DCE,fb1809,88.15000,88.15000,88.15000,0.00000,0.00000,0.00000,0.00000,0,0.00000,0.00000,0.00000,0.00000,92.55000,83.75000,0.00000,0.00000,18:35:26,0,0.00000,0,0.00000,0,0.00000,0,0.00000,0,0.00000,0,0.00000,0,0.00000,0,0.00000,0,0.00000,0,0.00000,0,0.00000,20180427
20180427,fb1810,DCE,fb1810,87.05000,87.05000,87.05000,0.00000,0.00000,0.00000,0.00000,0,0.00000,0.00000,0.00000,0.00000,94.00000,80.10000,0.00000,0.00000,18:35:26,0,0.00000,0,0.00000,0,0.00000,0,0.00000,0,0.00000,0,0.00000,0,0.00000,0,0.00000,0,0.00000,0,0.00000,0,0.00000,20180427
20180427,fb1811,DCE,fb1811,87.05000,87.05000,87.05000,0.00000,0.00000,0.00000,0.00000,0,0.00000,0.00000,0.00000,0.00000,94.00000,80.10000,0.00000,0.00000,18:35:26,0,0.00000,0,0.00000,0,0.00000,0,0.00000,0,0.00000,0,0.00000,0,0.00000,0,0.00000,0,0.00000,0,0.00000,0,0.00000,20180427
20180427,fb1812,DCE,fb1812,87.05000,87.05000,87.05000,0.00000,0.00000,0.00000,0.00000,0,0.00000,0.00000,0.00000,0.00000,94.00000,80.10000,0.00000,0.00000,18:35:26,0,0.00000,0,0.00000,0,0.00000,0,0.00000,0,0.00000,0,0.00000,0,0.00000,0,0.00000,0,0.00000,0,0.00000,0,0.00000,20180427
20180427,fb1901,DCE,fb1901,87.05000,87.05000,87.05000,0.00000,0.00000,0.00000,0.00000,0,0.00000,0.00000,0.00000,0.00000,94.00000,80.10000,0.00000,0.00000,18:35:26,0,0.00000,0,0.00000,0,0.00000,0,0.00000,0,0.00000,0,0.00000,0,0.00000,0,0.00000,0,0.00000,0,0.00000,0,0.00000,20180427
20180427,fb1902,DCE,fb1902,87.05000,87.05000,87.05000,0.00000,0.00000,0.00000,0.00000,0,0.00000,0.00000,0.00000,0.00000,94.00000,80.10000,0.00000,0.00000,18:35:26,0,0.00000,0,0.00000,0,0.00000,0,0.00000,0,0.00000,0,0.00000,0,0.00000,0,0.00000,0,0.00000,0,0.00000,0,0.00000,20180427
20180427,fb1903,DCE,fb1903,87.05000,87.05000,87.05000,0.00000,0.00000,0.00000,0.00000,0,0.00000,0.00000,0.00000,0.00000,94.00000,80.10000,0.00000,0.00000,18:35:26,0,0.00000,0,0.00000,0,0.00000,0,0.00000,0,0.00000,0,0.00000,0,0.00000,0,0.00000,0,0.00000,0,0.00000,0,0.00000,20180427
20180427,fb1904,DCE,fb1904,87.05000,87.05000,87.05000,0.00000,0.00000,0.00000,0.00000,0,0.00000,0.00000,0.00000,0.00000,94.00000,80.10000,0.00000,0.00000,18:35:26,0,0.00000,0,0.00000,0,0.00000,0,0.00000,0,0.00000,0,0.00000,0,0.00000,0,0.00000,0,0.00000,0,0.00000,0,0.00000,20180427
20180427,fu1805,SHFE,fu1805,3791.00000,3791.00000,3791.00000,0.00000,0.00000,0.00000,0.00000,0,0.00000,0.00000,0.00000,0.00000,3980.00000,3601.00000,0.00000,0.00000,18:34:16,289,0.00000,0,0.00000,0,0.00000,0,0.00000,0,0.00000,0,0.00000,0,0.00000,0,0.00000,0,0.00000,0,0.00000,0,0.00000,20180426
20180427,fu1806,SHFE,fu1806,3765.00000,3765.00000,3765.00000,0.00000,0.00000,0.00000,0.00000,0,0.00000,0.00000,0.00000,0.00000,4141.00000,3388.00000,0.00000,0.00000,18:34:16,289,0.00000,0,0.00000,0,0.00000,0,0.00000,0,0.00000,0,0.00000,0,0.00000,0,0.00000,0,0.00000,0,0.00000,0,0.00000,20180426
20180427,fu1807,SHFE,fu1807,3748.00000,3748.00000,3748.00000,0.00000,0.00000,0.00000,0.00000,0,0.00000,0.00000,0.00000,0.00000,4122.00000,3373.00000,0.00000,0.00000,18:34:16,289,0.00000,0,0.00000,0,0.00000,0,0.00000,0,0.00000,0,0.00000,0,0.00000,0,0.00000,0,0.00000,0,0.00000,0,0.00000,20180426
20180427,fu1808,SHFE,fu1808,3748.00000,3748.00000,3748.00000,0.00000,0.00000,0.00000,0.00000,0,0.00000,0.00000,0.00000,0.00000,4122.00000,3373.00000,0.00000,0.00000,18:34:16,289,0.00000,0,0.00000,0,0.00000,0,0.00000,0,0.00000,0,0.00000,0,0.00000,0,0.00000,0,0.00000,0,0.00000,0,0.00000,20180426
20180427,fu1809,SHFE,fu1809,3748.00000,3748.00000,3748.00000,0.00000,0.00000,0.00000,0.00000,0,0.00000,0.00000,0.00000,0.00000,4122.00000,3373.00000,0.00000,0.00000,18:34:16,289,0.00000,0,0.00000,0,0.00000,0,0.00000,0,0.00000,0,0.00000,0,0.00000,0,0.00000,0,0.00000,0,0.00000,0,0.00000,20180426
20180427,fu1810,SHFE,fu1810,3748.00000,3748.00000,3748.00000,0.00000,0.00000,0.00000,0.00000,0,0.00000,0.00000,0.00000,0.00000,4122.00000,3373.00000,0.00000,0.00000,18:34:16,289,0.00000,0,0.00000,0,0.00000,0,0.00000,0,0.00000,0,0.00000,0,0.00000,0,0.00000,0,0.00000,0,0.00000,0,0.00000,20180426
20180427,fu1811,SHFE,fu1811,3748.00000,3748.00000,3748.00000,0.00000,0.00000,0.00000,0.00000,0,0.00000,0.00000,0.00000,0.00000,4122.00000,3373.00000,0.00000,0.00000,18:34:16,289,0.00000,0,0.00000,0,0.00000,0,0.00000,0,0.00000,0,0.00000,0,0.00000,0,0.00000,0,0.00000,0,0.00000,0,0.00000,20180426
20180427,fu1812,SHFE,fu1812,3748.00000,3748.00000,3748.00000,0.00000,0.00000,0.00000,0.00000,0,0.00000,0.00000,0.00000,0.00000,4122.00000,3373.00000,0.00000,0.00000,18:34:16,289,0.00000,0,0.00000,0,0.00000,0,0.00000,0,0.00000,0,0.00000,0,0.00000,0,0.00000,0,0.00000,0,0.00000,0,0.00000,20180426
20180427,fu1901,SHFE,fu1901,3748.00000,3748.00000,3748.00000,0.00000,0.00000,0.00000,0.00000,0,0.00000,0.00000,0.00000,0.00000,4122.00000,3373.00000,0.00000,0.00000,18:34:16,289,0.00000,0,0.00000,0,0.00000,0,0.00000,0,0.00000,0,0.00000,0,0.00000,0,0.00000,0,0.00000,0,0.00000,0,0.00000,20180426
20180427,fu1903,SHFE,fu1903,3748.00000,3748.00000,3748.00000,0.00000,0.00000,0.00000,0.00000,0,0.00000,0.00000,0.00000,0.00000,4122.00000,3373.00000,0.00000,0.00000,18:34:16,289,0.00000,0,0.00000,0,0.00000,0,0.00000,0,0.00000,0,0.00000,0,0.00000,0,0.00000,0,0.00000,0,0.00000,0,0.00000,20180426
20180427,fu1904,SHFE,fu1904,3748.00000,3748.00000,3748.00000,0.00000,0.00000,0.00000,0.00000,0,0.00000,0.00000,0.00000,0.00000,4122.00000,3373.00000,0.00000,0.00000,18:34:16,289,0.00000,0,0.00000,0,0.00000,0,0.00000,0,0.00000,0,0.00000,0,0.00000,0,0.00000,0,0.00000,0,0.00000,0,0.00000,20180426
20180427,hc1805,SHFE,hc1805,4108.00000,4102.00000,4108.00000,34442.00000,0.00000,0.00000,0.00000,0,0.00000,34442.00000,0.00000,0.00000,4348.00000,3855.00000,0.00000,0.00000,18:34:17,500,0.00000,0,0.00000,0,0.00000,0,0.00000,0,0.00000,0,0.00000,0,0.00000,0,0.00000,0,0.00000,0,0.00000,0,0.00000,20180426
20180427,hc1806,SHFE,hc1806,3978.00000,3978.00000,3978.00000,18.00000,0.00000,0.00000,0.00000,0,0.00000,18.00000,0.00000,0.00000,4216.00000,3739.00000,0.00000,0.00000,18:34:17,500,0.00000,0,0.00000,0,0.00000,0,0.00000,0,0.00000,0,0.00000,0,0.00000,0,0.00000,0,0.00000,0,0.00000,0,0.00000,20180426
20180427,hc1807,SHFE,hc1807,3946.00000,3944.00000,3946.00000,440.00000,0.00000,0.00000,0.00000,0,0.00000,440.00000,0.00000,0.00000,4180.00000,3707.00000,0.00000,0.00000,18:34:17,500,0.00000,0,0.00000,0,0.00000,0,0.00000,0,0.00000,0,0.00000,0,0.00000,0,0.00000,0,0.00000,0,0.00000,0,0.00000,20180426
20180427,hc1808,SHFE,hc1808,3841.00000,3841.00000,3841.00000,6.00000,0.00000,0.00000,0.00000,0,0.00000,6.00000,0.00000,0.00000,4071.00000,3610.00000,0.00000,0.00000,18:34:17,500,0.00000,0,0.00000,0,0.00000,0,0.00000,0,0.00000,0,0.00000,0,0.00000,0,0.00000,0,0.00000,0,0.00000,0,0.00000,20180426
20180427,hc1809,SHFE,hc1809,3779.00000,3779.00000,3779.00000,652.00000,0.00000,0.00000,0.00000,0,0.00000,652.00000,0.00000,0.00000,4005.00000,3552.00000,0.00000,0.00000,18:34:17,500,0.00000,0,0.00000,0,0.00000,0,0.00000,0,0.00000,0,0.00000,0,0.00000,0,0.00000,0,0.00000,0,0.00000,0,0.00000,20180426
20180427,hc1810,SHFE,hc1810,3671.00000,3673.00000,3671.00000,505724.00000,0.00000,0.00000,0.00000,0,0.00000,505724.00000,0.00000,0.00000,3893.00000,3452.00000,0.00000,0.00000,18:34:17,500,0.00000,0,0.00000,0,0.00000,0,0.00000,0,0.00000,0,0.00000,0,0.00000,0,0.00000,0,0.00000,0,0.00000,0,0.00000,20180426
20180427,hc1811,SHFE,hc1811,3686.00000,3689.00000,3686.00000,1182.00000,0.00000,0.00000,0.00000,0,0.00000,1182.00000,0.00000,0.00000,3910.00000,3467.00000,0.00000,0.00000,18:34:17,500,0.00000,0,0.00000,0,0.00000,0,0.00000,0,0.00000,0,0.00000,0,0.00000,0,0.00000,0,0.00000,0,0.00000,0,0.00000,20180426
20180427,hc1812,SHFE,hc1812,3680.00000,3693.00000,3680.00000,902.00000,0.00000,0.00000,0.00000,0,0.00000,902.00000,0.00000,0.00000,3914.00000,3471.00000,0.00000,0.00000,18:34:17,500,0.00000,0,0.00000,0,0.00000,0,0.00000,0,0.00000,0,0.00000,0,0.00000,0,0.00000,0,0.00000,0,0.00000,0,0.00000,20180426
20180427,hc1901,SHFE,hc1901,3502.00000,3510.00000,3502.00000,34100.00000,0.00000,0.00000,0.00000,0,0.00000,34100.00000,0.00000,0.00000,3720.00000,3299.00000,0.00000,0.00000,18:34:17,500,0.00000,0,0.00000,0,0.00000,0,0.00000,0,0.00000,0,0.00000,0,0.00000,0,0.00000,0,0.00000,0,0.00000,0,0.00000,20180426
20180427,hc1902,SHFE,hc1902,3400.00000,3400.00000,3400.00000,0.00000,0.00000,0.00000,0.00000,0,0.00000,0.00000,0.00000,0.00000,3808.00000,2992.00000,0.00000,0.00000,18:34:17,500,0.00000,0,0.00000,0,0.00000,0,0.00000,0,0.00000,0,0.00000,0,0.00000,0,0.00000,0,0.00000,0,0.00000,0,0.00000,20180426
20180427,hc1903,SHFE,hc1903,3477.00000,3477.00000,3477.00000,0.00000,0.00000,0.00000,0.00000,0,0.00000,0.00000,0.00000,0.00000,3685.00000,3268.00000,0.00000,0.00000,18:34:17,500,0.00000,0,0.00000,0,0.00000,0,0.00000,0,0.00000,0,0.00000,0,0.00000,0,0.00000,0,0.00000,0,0.00000,0,0.00000,20180426
20180427,hc1904,SHFE,hc1904,3479.00000,3479.00000,3479.00000,0.00000,0.00000,0.00000,0.00000,0,0.00000,0.00000,0.00000,0.00000,3896.00000,3061.00000,0.00000,0.00000,18:34:17,500,0.00000,0,0.00000,0,0.00000,0,0.00000,0,0.00000,0,0.00000,0,0.00000,0,0.00000,0,0.00000,0,0.00000,0,0.00000,20180426
20180427,i1805,DCE,i1805,464.50000,464.00000,464.50000,58606.00000,0.00000,0.00000,0.00000,0,0.00000,58606.00000,0.00000,0.00000,501.00000,427.00000,0.00000,0.00000,18:35:26,0,0.00000,0,0.00000,0,0.00000,0,0.00000,0,0.00000,0,0.00000,0,0.00000,0,0.00000,0,0.00000,0,0.00000,0,0.00000,20180427
20180427,i1806,DCE,i1806,461.50000,462.00000,461.50000,24.00000,0.00000,0.00000,0.00000,0,0.00000,24.00000,0.00000,0.00000,498.50000,425.50000,0.00000,0.00000,18:35:26,0,0.00000,0,0.00000,0,0.00000,0,0.00000,0,0.00000,0,0.00000,0,0.00000,0,0.00000,0,0.00000,0,0.00000,0,0.00000,20180427
20180427,i1807,DCE,i1807,447.50000,447.00000,447.50000,66582.00000,0.00000,0.00000,0.00000,0,0.00000,66582.00000,0.00000,0.00000,482.50000,411.50000,0.00000,0.00000,18:35:26,0,0.00000,0,0.00000,0,0.00000,0,0.00000,0,0.00000,0,0.00000,0,0.00000,0,0.00000,0,0.00000,0,0.00000,0,0.00000,20180427
20180427,i1808,DCE,i1808,461.00000,461.50000,461.00000,76.00000,0.00000,0.00000,0.00000,0,0.00000,76.00000,0.00000,0.00000,498.00000,425.00000,0.00000,0.00000,18:35:26,0,0.00000,0,0.00000,0,0.00000,0,0.00000,0,0.00000,0,0.00000,0,0.00000,0,0.00000,0,0.00000,0,0.00000,0,0.00000,20180427
20180427,i1809,DCE,i1809,465.50000,466.50000,465.50000,1868450.00000,0.00000,0.00000,0.00000,0,0.00000,1868450.00000,0.00000,0.00000,503.50000,429.50000,0.00000,0.00000,18:35:26,0,0.00000,0,0.00000,0,0.00000,0,0.00000,0,0.00000,0,0.00000,0,0.00000,0,0.00000,0,0.00000,0,0.00000,0,0.00000,20180427
20180427,i1810,DCE,i1810,466.00000,464.50000,466.00000,446.00000,0.00000,0.00000,0.00000,0,0.00000,446.00000,0.00000,0.00000,501.50000,427.50000,0.00000,0.00000,18:35:26,0,0.00000,0,0.00000,0,0.00000,0,0.00000,0,0.00000,0,0.00000,0,0.00000,0,0.00000,0,0.00000,0,0.00000,0,0.00000,20180427
20180427,i1811,DCE,i1811,463.50000,465.00000,463.50000,570.00000,0.00000,0.00000,0.00000,0,0.00000,570.00000,0.00000,0.00000,502.00000,428.00000,0.00000,0.00000,18:35:26,0,0.00000,0,0.00000,0,0.00000,0,0.00000,0,0.00000,0,0.00000,0,0.00000,0,0.00000,0,0.00000,0,0.00000,0,0.00000,20180427
20180427,i1812,DCE,i1812,470.50000,470.50000,470.50000,8.00000,0.00000,0.00000,0.00000,0,0.00000,8.00000,0.00000,0.00000,508.00000,433.00000,0.00000,0.00000,18:35:26,0,0.00000,0,0.00000,0,0.00000,0,0.00000,0,0.00000,0,0.00000,0,0.00000,0,0.00000,0,0.00000,0,0.00000,0,0.00000,20180427
20180427,i1901,DCE,i1901,461.00000,461.50000,461.00000,162578.00000,0.00000,0.00000,0.00000,0,0.00000,162578.00000,0.00000,0.00000,498.00000,425.00000,0.00000,0.00000,18:35:26,0,0.00000,0,0.00000,0,0.00000,0,0.00000,0,0.00000,0,0.00000,0,0.00000,0,0.00000,0,0.00000,0,0.00000,0,0.00000,20180427
20180427,i1902,DCE,i1902,460.00000,460.00000,460.00000,8.00000,0.00000,0.00000,0.00000,0,0.00000,8.00000,0.00000,0.00000,496.50000,423.50000,0.00000,0.00000,18:35:26,0,0.00000,0,0.00000,0,0.00000,0,0.00000,0,0.00000,0,0.00000,0,0.00000,0,0.00000,0,0.00000,0,0.00000,0,0.00000,20180427
20180427,i1903,DCE,i1903,462.00000,464.00000,462.00000,802.00000,0.00000,0.00000,0.00000,0,0.00000,802.00000,0.00000,0.00000,501.00000,427.00000,0.00000,0.00000,18:35:26,0,0.00000,0,0.00000,0,0.00000,0,0.00000,0,0.00000,0,0.00000,0,0.00000,0,0.00000,0,0.00000,0,0.00000,0,0.00000,20180427
20180427,i1904,DCE,i1904,466.50000,466.50000,466.50000,8.00000,0.00000,0.00000,0.00000,0,0.00000,8.00000,0.00000,0.00000,503.50000,429.50000,0.00000,0.00000,18:35:26,0,0.00000,0,0.00000,0,0.00000,0,0.00000,0,0.00000,0,0.00000,0,0.00000,0,0.00000,0,0.00000,0,0.00000,0,0.00000,20180427
20180427,j1805,DCE,j1805,1836.00000,1837.50000,1836.00000,10012.00000,0.00000,0.00000,0.00000,0,0.00000,10012.00000,0.00000,0.00000,1984.50000,1690.50000,0.00000,0.00000,18:35:26,0,0.00000,0,0.00000,0,0.00000,0,0.00000,0,0.00000,0,0.00000,0,0.00000,0,0.00000,0,0.00000,0,0.00000,0,0.00000,20180427
20180427,j1806,DCE,j1806,1942.00000,1942.00000,1942.00000,4.00000,0.00000,0.00000,0.00000,0,0.00000,4.00000,0.00000,0.00000,2097.00000,1787.00000,0.00000,0.00000,18:35:26,0,0.00000,0,0.00000,0,0.00000,0,0.00000,0,0.00000,0,0.00000,0,0.00000,0,0.00000,0,0.00000,0,0.00000,0,0.00000,20180427
20180427,j1807,DCE,j1807,1925.00000,1925.00000,1925.00000,12.00000,0.00000,0.00000,0.00000,0,0.00000,12.00000,0.00000,0.00000,2079.00000,1771.00000,0.00000,0.00000,18:35:26,0,0.00000,0,0.00000,0,0.00000,0,0.00000,0,0.00000,0,0.00000,0,0.00000,0,0.00000,0,0.00000,0,0.00000,0,0.00000,20180427
20180427,j1808,DCE,j1808,1903.50000,1902.00000,1903.50000,16.00000,0.00000,0.00000,0.00000,0,0.00000,16.00000,0.00000,0.00000,2054.00000,1750.00000,0.00000,0.00000,18:35:26,0,0.00000,0,0.00000,0,0.00000,0,0.00000,0,0.00000,0,0.00000,0,0.00000,0,0.00000,0,0.00000,0,0.00000,0,0.00000,20180427
20180427,j1809,DCE,j1809,1916.00000,1917.00000,1916.00000,278074.00000,0.00000,0.00000,0.00000,0,0.00000,278074.00000,0.00000,0.00000,2070.00000,1764.00000,0.00000,0.00000,18:35:26,0,0.00000,0,0.00000,0,0.00000,0,0.00000,0,0.00000,0,0.00000,0,0.00000,0,0.00000,0,0.00000,0,0.00000,0,0.00000,20180427
20180427,j1810,DCE,j1810,1929.00000,1933.50000,1929.00000,22.00000,0.00000,0.00000,0.00000,0,0.00000,22.00000,0.00000,0.00000,2088.00000,1779.00000,0.00000,0.00000,18:35:26,0,0.00000,0,0.00000,0,0.00000,0,0.00000,0,0.00000,0,0.00000,0,0.00000,0,0.00000,0,0.00000,0,0.00000,0,0.00000,20180427
20180427,j1811,DCE,j1811,1932.00000,1932.00000,1932.00000,6.00000,0.00000,0.00000,0.00000,0,0.00000,6.00000,0.00000,0.00000,2086.50000,1777.50000,0.00000,0.00000,18:35:26,0,0.00000,0,0.00000,0,0.00000,0,0.00000,0,0.00000,0,0.00000,0,0.00000,0,0.00000,0,0.00000,0,0.00000,0,0.00000,20180427
20180427,j1812,DCE,j1812,1887.00000,1887.00000,1887.00000,2.00000,0.00000,0.00000,0.00000,0,0.00000,2.00000,0.00000,0.00000,2037.50000,1736.50000,0.00000,0.00000,18:35:26,0,0.00000,0,0.00000,0,0.00000,0,0.00000,0,0.00000,0,0.00000,0,0.00000,0,0.00000,0,0.00000,0,0.00000,0,0.00000,20180427
20180427,j1901,DCE,j1901,1864.50000,1860.00000,1864.50000,4554.00000,0.00000,0.00000,0.00000,0,0.00000,4554.00000,0.00000,0.00000,2008.50000,1711.50000,0.00000,0.00000,18:35:26,0,0.00000,0,0.00000,0,0.00000,0,0.00000,0,0.00000,0,0.00000,0,0.00000,0,0.00000,0,0.00000,0,0.00000,0,0.00000,20180427
20180427,j1902,DCE,j1902,1893.00000,1893.00000,1893.00000,0.00000,0.00000,0.00000,0.00000,0,0.00000,0.00000,0.00000,0.00000,2044.00000,1742.00000,0.00000,0.00000,18:35:26,0,0.00000,0,0.00000,0,0.00000,0,0.00000,0,0.00000,0,0.00000,0,0.00000,0,0.00000,0,0.00000,0,0.00000,0,0.00000,20180427
20180427,j1903,DCE,j1903,1880.50000,1880.50000,1880.50000,0.00000,0.00000,0.00000,0.00000,0,0.00000,0.00000,0.00000,0.00000,2030.50000,1730.50000,0.00000,0.00000,18:35:26,0,0.00000,0,0.00000,0,0.00000,0,0.00000,0,0.00000,0,0.00000,0,0.00000,0,0.00000,0,0.00000,0,0.00000,0,0.00000,20180427
20180427,j1904,DCE,j1904,1870.50000,1870.50000,1870.50000,0.00000,0.00000,0.00000,0.00000,0,0.00000,0.00000,0.00000,0.00000,2020.00000,1721.00000,0.00000,0.00000,18:35:26,0,0.00000,0,0.00000,0,0.00000,0,0.00000,0,0.00000,0,0.00000,0,0.00000,0,0.00000,0,0.00000,0,0.00000,0,0.00000,20180427
20180427,jd1805,DCE,jd1805,3796.00000,3775.00000,3796.00000,10150.00000,0.00000,0.00000,0.00000,0,0.00000,10150.00000,0.00000,0.00000,4001.00000,3549.00000,0.00000,0.00000,18:35:26,0,0.00000,0,0.00000,0,0.00000,0,0.00000,0,0.00000,0,0.00000,0,0.00000,0,0.00000,0,0.00000,0,0.00000,0,0.00000,20180427
20180427,jd1806,DCE,jd1806,3634.00000,3618.00000,3634.00000,28690.00000,0.00000,0.00000,0.00000,0,0.00000,28690.00000,0.00000,0.00000,3835.00000,3401.00000,0.00000,0.00000,18:35:26,0,0.00000,0,0.00000,0,0.00000,0,0.00000,0,0.00000,0,0.00000,0,0.00000,0,0.00000,0,0.00000,0,0.00000,0,0.00000,20180427
20180427,jd1807,DCE,jd1807,3623.00000,3600.00000,3623.00000,23570.00000,0.00000,0.00000,0.00000,0,0.00000,23570.00000,0.00000,0.00000,3816.00000,3384.00000,0.00000,0.00000,18:35:26,0,0.00000,0,0.00000,0,0.00000,0,0.00000,0,0.00000,0,0.00000,0,0.00000,0,0.00000,0,0.00000,0,0.00000,0,0.00000,20180427
20180427,jd1808,DCE,jd1808,3923.00000,3909.00000,3923.00000,17682.00000,0.00000,0.00000,0.00000,0,0.00000,17682.00000,0.00000,0.00000,4143.00000,3675.00000,0.00000,0.00000,18:35:26,0,0.00000,0,0.00000,0,0.00000,0,0.00000,0,0.00000,0,0.00000,0,0.00000,0,0.00000,0,0.00000,0,0.00000,0,0.00000,20180427
20180427,jd1809,DCE,jd1809,3965.00000,3966.00000,3965.00000,130082.00000,0.00000,0.00000,0.00000,0,0.00000,130082.00000,0.00000,0.00000,4203.00000,3729.00000,0.00000,0.00000,18:35:26,0,0.00000,0,0.00000,0,0.00000,0,0.00000,0,0.00000,0,0.00000,0,0.00000,0,0.00000,0,0.00000,0,0.00000,0,0.00000,20180427
20180427,jd1810,DCE,jd1810,3579.00000,3579.00000,3579.00000,5376.00000,0.00000,0.00000,0.00000,0,0.00000,5376.00000,0.00000,0.00000,3793.00000,3365.00000,0.00000,0.00000,18:35:26,0,0.00000,0,0.00000,0,0.00000,0,0.00000,0,0.00000,0,0.00000,0,0.00000,0,0.00000,0,0.00000,0,0.00000,0,0.00000,20180427
20180427,jd1811,DCE,jd1811,3549.00000,3540.00000,3549.00000,1548.00000,0.00000,0.00000,0.00000,0,0.00000,1548.00000,0.00000,0.00000,3752.00000,3328.00000,0.00000,0.00000,18:35:26,0,0.00000,0,0.00000,0,0.00000,0,0.00000,0,0.00000,0,0.00000,0,0.00000,0,0.00000,0,0.00000,0,0.00000,0,0.00000,20180427
